%% List of websites I have referenced

@misc{website:china-strengthens-great-wall,
      author = {Chris Williams},
      title = "China strengthens Great Firewall ahead of anniversary",
      year = 2009,
      howpublished = "Retrieved February, 2010 from \url{http://www.theregister.co.uk/2009/09/29/china_tor}"
}

@misc{website:egypt-arrests,
      title = "Egypt arrests another blog critic",
      year = 2006,
      howpublished = "Retrieved March, 2010 from the BBC News web site: \url{http://news.bbc.co.uk/2/hi/middle_east/6164798.stm}"
}

@misc{website:measuring-tor-in-iran,
      author = {Phobos},
      title = "Measuring Tor and Iran [Web log comment]",
      year = 2006,
      howpublished = "Retrieved February, 2010 from \url{https://blog.torproject.org/blog/measuring-tor-and-iran}"
}

@misc{website:tor-anonymity-online,
      author = {Phobos},
      title = "Tor: anonymity online",
      year = {n.d.},
      howpublished = "Retrieved February, 2010 from the Tor Project web site: \url{https://www.torproject.org/index.html.en}"
}

@misc{website:china-yahoo-torture,
      author = {Coonan, Clifford},
      title = "Chinese couple sue Yahoo! in US over torture case, The Independent",
      publisher = "The Independent",
      year = 2007,
      howpublished = "Retrieved March, 2010 from \url{http://www.independent.co.uk/news/world/americas/chinese-couple-sue-yahoo-in-us-over-torture-case-445436.html}"
}

@misc{website:china-amnesty-international-report,
      title = "China Amnesty International Report ",
      year = 2009,
      publisher = "Amnesty International",
      howpublished = "Retrieved March, 2010 from the Amnesty Internationl web site: \url{http://thereport.amnesty.org/en/regions/asia-pacific/china}"
}

@misc{website:iran-bloggers-arrested,
      title = "23 Journalists/Bloggers Arrested in Iran, Including Head of Top Group ",
      year = 2009,
      howpublished = "Retrieved March, 2010 from Editor \& Publisher web site: \url{http://www.editorandpublisher.com/eandp/news/article_display.jsp?vnu_content_id=1003986280}"
}

@misc{website:vietnam-bloggers-arrested,
      author = {John Rutwitch},
      title = "Vietnam bloggers arrested over China shirt protest",
      publisher = "Reuters",
      year = 2009,
      howpublished = "Retrieved March, 2010 from \url{http://www.reuters.com/article/idUSTRE5840CY20090905}"
}

@misc{website:blogger-arrests,
      author = {pnhoward},
      title = "Blogger Arrests",
      publisher = "World Information Access",
      year = 2008,
      howpublished = "Retrieved March, 2010 from \url{http://www.wiareport.org/index.php/56/blogger-arrests}"
}

@misc{website:pipenet,
      author = {Dai},
      title = "PipeNet 1.1",
      year = {n.d.},
      howpublished = "Retrieved March, 2010 from \url{http://74.125.153.132/search?q=cache:GIxcJTJReukJ:weidai.com/pipenet.txt+pipenet+anonymous+network&cd=2&hl=en&ct=clnk&gl=au&client=firefox-a}"
}

@misc{website:anonymizer,
      title = "Anonymizer ",
      year = {n.d.},
      howpublished = "Retrieved March, 2010 from \url{http://www.anonymizer.com/}"
}

@misc{website:tor-password-leak,
      author = {Goodin, Dan},
      title = "Tor at heart of embassy passwords leak",
      publisher = "The Register",
      year = 2007,
      howpublished = "Retrieved March, 2010 from \url{http://www.theregister.co.uk/2007/09/10/misuse_of_tor_led_to_embassy_password_breach/}"
}

@misc{website:SSL,
      author = {Alan O. Freier and Philip Karlton and Paul C. Kocher},
      title = "The SSL Protocol",
      year = 1996,
      howpublished = "Retrieved March, 2010 from \url{http://www.mozilla.org/projects/security/pki/nss/ssl/draft302.txt}"
}

@misc{website:TLS,
      author = {Rescorla, T. Dierks},
      title = "The Transport Layer Security (TLS) Protocol",
      publisher = "Internet Engineering Task Force (IETF)",
      year = 2008,
      howpublished = "Retrieved March, 2010 from \url{http://tools.ietf.org/html/rfc5246}"
}

@misc{website:HTTPS,
      author = {Rescorla, A. Schiffman},
      title = "The Secure HyperText Transfer Protocol",
      publisher = "Internet Engineering Task Force (IETF)",
      year = 1999,
      howpublished = "Retrieved March, 2010 from \url{http://tools.ietf.org/html/rfc2660}"
}

@misc{website:skype-numerology,
      author = {Mercier, J},
      title = "The fastest million ever",
      year = 2010,
      howpublished = "Retrieved March, 2010 from \url{http://skypenumerology.blogspot.com/2010/01/fastest-million-ever.html}"
}

@misc{website:hub-reference,
      author = {Muggli, Ricardo},
      title = "Hub Reference",
      year = 2010,
      howpublished = "Retrieved March, 2010 from \url{http://wiki.wireshark.org/HubReference}"
}

@misc{website:snapshot-definition,
      title = "What is a virtual machine snapshot?",
      year = 2009,
      howpublished = "Retrieved April, 2010 from \url{http://searchenterprisedesktop.techtarget.com/sDefinition/0,,sid192_gci1323483,00.html}"
}

