%% This BibTeX bibliography file was created using BibDesk.
%% http://bibdesk.sourceforge.net/


%% Created for John Barker at 2011-01-23 17:00:07 +0800 


%% Saved with string encoding Unicode (UTF-8) 



@misc{:nx,
	Date-Added = {2010-12-30 16:44:36 +0800},
	Date-Modified = {2010-12-30 16:46:19 +0800},
	Howpublished = {Retrieved December 2010 from \url{http://wiki.wireshark.org/Development/LibpcapFileFormat}},
	Title = {Libpcap File Format}}

@misc{:2009cr,
	Date-Added = {2010-12-30 16:35:05 +0800},
	Date-Modified = {2010-12-30 16:35:45 +0800},
	Howpublished = {Retrieved December 2010 from \url{http://www.tcpdump.org/tcpdump_man.html}},
	Title = {tcpdump - dump traffic on a network},
	Year = {2009},
	Bdsk-File-1 = {YnBsaXN0MDDUAQIDBAUIJidUJHRvcFgkb2JqZWN0c1gkdmVyc2lvblkkYXJjaGl2ZXLRBgdUcm9vdIABqAkKFRYXGyIjVSRudWxs0wsMDQ4RFFpOUy5vYmplY3RzV05TLmtleXNWJGNsYXNzog8QgASABqISE4ACgAOAB1lhbGlhc0RhdGFccmVsYXRpdmVQYXRo0hgNGRpXTlMuZGF0YU8RAXIAAAAAAXIAAgAAB0phY2tzb24AAAAAAAAAAAAAAAAAAAAAAAAAAMkJoLpIKwAAAAWrtxB0Y3BkdW1wX21hbi5odG1sAAAAAAAAAAAAAAAAAAAAAAAAAAAAAAAAAAAAAAAAAAAAAAAAAAAAAAAAAAAAAAAAoV6Kxyt3BwAAAAAAAAAAAAMAAgAACSAAAAAAAAAAAAAAAAAAAAAJRG9jdW1lbnRzAAAQAAgAAMkJMDoAAAARAAgAAMcrBocAAAABAAwABau3AAWrqgAAkZ8AAgAtSmFja3NvbjpVc2Vyczpqb2huOkRvY3VtZW50czp0Y3BkdW1wX21hbi5odG1sAAAOACIAEAB0AGMAcABkAHUAbQBwAF8AbQBhAG4ALgBoAHQAbQBsAA8AEAAHAEoAYQBjAGsAcwBvAG4AEgAlVXNlcnMvam9obi9Eb2N1bWVudHMvdGNwZHVtcF9tYW4uaHRtbAAAEwABLwAAFQACAAv//wAAgAXSHB0eH1gkY2xhc3Nlc1okY2xhc3NuYW1lox8gIV1OU011dGFibGVEYXRhVk5TRGF0YVhOU09iamVjdF8QIy4uLy4uLy4uL0RvY3VtZW50cy90Y3BkdW1wX21hbi5odG1s0hwdJCWiJSFcTlNEaWN0aW9uYXJ5EgABhqBfEA9OU0tleWVkQXJjaGl2ZXIACAARABYAHwAoADIANQA6ADwARQBLAFIAXQBlAGwAbwBxAHMAdgB4AHoAfACGAJMAmACgAhYCGAIdAiYCMQI1AkMCSgJTAnkCfgKBAo4CkwAAAAAAAAIBAAAAAAAAACgAAAAAAAAAAAAAAAAAAAKl}}

@misc{2010:dq,
	Author = {2010},
	Date-Added = {2010-12-30 16:03:06 +0800},
	Date-Modified = {2010-12-30 16:04:12 +0800},
	Howpublished = {Retrieved December 2010 from \url{http://trends.builtwith.com/Web-Server/Apache}},
	Keywords = {web-usage},
	Title = {Apache Usage Statistics},
	Bdsk-File-1 = {YnBsaXN0MDDUAQIDBAUIJidUJHRvcFgkb2JqZWN0c1gkdmVyc2lvblkkYXJjaGl2ZXLRBgdUcm9vdIABqAkKFRYXGyIjVSRudWxs0wsMDQ4RFFpOUy5vYmplY3RzV05TLmtleXNWJGNsYXNzog8QgASABqISE4ACgAOAB1lhbGlhc0RhdGFccmVsYXRpdmVQYXRo0hgNGRpXTlMuZGF0YU8RAVwAAAAAAVwAAgAAB0phY2tzb24AAAAAAAAAAAAAAAAAAAAAAAAAAMkJoLpIKwAAAAWrtwtBcGFjaGUuaHRtbAAAAAAAAAAAAAAAAAAAAAAAAAAAAAAAAAAAAAAAAAAAAAAAAAAAAAAAAAAAAAAAAAAAAAAAoRdAyUJdoAAAAAAAAAAAAAMAAgAACSAAAAAAAAAAAAAAAAAAAAAJRG9jdW1lbnRzAAAQAAgAAMkJMDoAAAARAAgAAMlB7SAAAAABAAwABau3AAWrqgAAkZ8AAgAoSmFja3NvbjpVc2Vyczpqb2huOkRvY3VtZW50czpBcGFjaGUuaHRtbAAOABgACwBBAHAAYQBjAGgAZQAuAGgAdABtAGwADwAQAAcASgBhAGMAawBzAG8AbgASACBVc2Vycy9qb2huL0RvY3VtZW50cy9BcGFjaGUuaHRtbAATAAEvAAAVAAIAC///AACABdIcHR4fWCRjbGFzc2VzWiRjbGFzc25hbWWjHyAhXU5TTXV0YWJsZURhdGFWTlNEYXRhWE5TT2JqZWN0XxAeLi4vLi4vLi4vRG9jdW1lbnRzL0FwYWNoZS5odG1s0hwdJCWiJSFcTlNEaWN0aW9uYXJ5EgABhqBfEA9OU0tleWVkQXJjaGl2ZXIACAARABYAHwAoADIANQA6ADwARQBLAFIAXQBlAGwAbwBxAHMAdgB4AHoAfACGAJMAmACgAgACAgIHAhACGwIfAi0CNAI9Al4CYwJmAnMCeAAAAAAAAAIBAAAAAAAAACgAAAAAAAAAAAAAAAAAAAKK}}

@misc{:2010bh,
	Date-Added = {2010-12-30 15:58:16 +0800},
	Date-Modified = {2010-12-30 15:58:52 +0800},
	Howpublished = {Retrieved December 2010 from \url{http://www.sinatrarb.com/intro}},
	Title = {Sinatra: README},
	Year = {2010},
	Bdsk-File-1 = {YnBsaXN0MDDUAQIDBAUIJidUJHRvcFgkb2JqZWN0c1gkdmVyc2lvblkkYXJjaGl2ZXLRBgdUcm9vdIABqAkKFRYXGyIjVSRudWxs0wsMDQ4RFFpOUy5vYmplY3RzV05TLmtleXNWJGNsYXNzog8QgASABqISE4ACgAOAB1lhbGlhc0RhdGFccmVsYXRpdmVQYXRo0hgNGRpXTlMuZGF0YU8RAVoAAAAAAVoAAgAAB0phY2tzb24AAAAAAAAAAAAAAAAAAAAAAAAAAMkJoLpIKwAAAAWrtwppbnRyby5odG1sAAAAAAAAAAAAAAAAAAAAAAAAAAAAAAAAAAAAAAAAAAAAAAAAAAAAAAAAAAAAAAAAAAAAAAAAoRSWyTrkWgAAAAAAAAAAAAMAAgAACSAAAAAAAAAAAAAAAAAAAAAJRG9jdW1lbnRzAAAQAAgAAMkJMDoAAAARAAgAAMk6c9oAAAABAAwABau3AAWrqgAAkZ8AAgAnSmFja3NvbjpVc2Vyczpqb2huOkRvY3VtZW50czppbnRyby5odG1sAAAOABYACgBpAG4AdAByAG8ALgBoAHQAbQBsAA8AEAAHAEoAYQBjAGsAcwBvAG4AEgAfVXNlcnMvam9obi9Eb2N1bWVudHMvaW50cm8uaHRtbAAAEwABLwAAFQACAAv//wAAgAXSHB0eH1gkY2xhc3Nlc1okY2xhc3NuYW1lox8gIV1OU011dGFibGVEYXRhVk5TRGF0YVhOU09iamVjdF8QHS4uLy4uLy4uL0RvY3VtZW50cy9pbnRyby5odG1s0hwdJCWiJSFcTlNEaWN0aW9uYXJ5EgABhqBfEA9OU0tleWVkQXJjaGl2ZXIACAARABYAHwAoADIANQA6ADwARQBLAFIAXQBlAGwAbwBxAHMAdgB4AHoAfACGAJMAmACgAf4CAAIFAg4CGQIdAisCMgI7AlsCYAJjAnACdQAAAAAAAAIBAAAAAAAAACgAAAAAAAAAAAAAAAAAAAKH}}

@misc{:2010ly,
	Date-Added = {2010-12-30 15:53:50 +0800},
	Date-Modified = {2010-12-30 15:54:25 +0800},
	Howpublished = {Retrieved December 2010 from \url{http://www.ubuntu.com/project/about-ubuntu}},
	Title = {About Ubuntu},
	Year = {2010},
	Bdsk-File-1 = {YnBsaXN0MDDUAQIDBAUIJidUJHRvcFgkb2JqZWN0c1gkdmVyc2lvblkkYXJjaGl2ZXLRBgdUcm9vdIABqAkKFRYXGyIjVSRudWxs0wsMDQ4RFFpOUy5vYmplY3RzV05TLmtleXNWJGNsYXNzog8QgASABqISE4ACgAOAB1lhbGlhc0RhdGFccmVsYXRpdmVQYXRo0hgNGRpXTlMuZGF0YU8RAXQAAAAAAXQAAgAAB0phY2tzb24AAAAAAAAAAAAAAAAAAAAAAAAAAMkJoLpIKwAAAAWrtxFhYm91dC11YnVudHUuaHRtbAAAAAAAAAAAAAAAAAAAAAAAAAAAAAAAAAAAAAAAAAAAAAAAAAAAAAAAAAAAAAAAoRPdyUJbqAAAAAAAAAAAAAMAAgAACSAAAAAAAAAAAAAAAAAAAAAJRG9jdW1lbnRzAAAQAAgAAMkJMDoAAAARAAgAAMlB6ygAAAABAAwABau3AAWrqgAAkZ8AAgAuSmFja3NvbjpVc2Vyczpqb2huOkRvY3VtZW50czphYm91dC11YnVudHUuaHRtbAAOACQAEQBhAGIAbwB1AHQALQB1AGIAdQBuAHQAdQAuAGgAdABtAGwADwAQAAcASgBhAGMAawBzAG8AbgASACZVc2Vycy9qb2huL0RvY3VtZW50cy9hYm91dC11YnVudHUuaHRtbAATAAEvAAAVAAIAC///AACABdIcHR4fWCRjbGFzc2VzWiRjbGFzc25hbWWjHyAhXU5TTXV0YWJsZURhdGFWTlNEYXRhWE5TT2JqZWN0XxAkLi4vLi4vLi4vRG9jdW1lbnRzL2Fib3V0LXVidW50dS5odG1s0hwdJCWiJSFcTlNEaWN0aW9uYXJ5EgABhqBfEA9OU0tleWVkQXJjaGl2ZXIACAARABYAHwAoADIANQA6ADwARQBLAFIAXQBlAGwAbwBxAHMAdgB4AHoAfACGAJMAmACgAhgCGgIfAigCMwI3AkUCTAJVAnwCgQKEApEClgAAAAAAAAIBAAAAAAAAACgAAAAAAAAAAAAAAAAAAAKo}}

@misc{:2010uq,
	Date-Added = {2010-12-30 15:52:15 +0800},
	Date-Modified = {2010-12-30 15:53:12 +0800},
	Howpublished = {Retrieved December 2010 from \url{http://www.ruby-lang.org/en/about/}},
	Title = {About Ruby},
	Year = {2010},
	Bdsk-File-1 = {YnBsaXN0MDDUAQIDBAUIJidUJHRvcFgkb2JqZWN0c1gkdmVyc2lvblkkYXJjaGl2ZXLRBgdUcm9vdIABqAkKFRYXGyIjVSRudWxs0wsMDQ4RFFpOUy5vYmplY3RzV05TLmtleXNWJGNsYXNzog8QgASABqISE4ACgAOAB1lhbGlhc0RhdGFccmVsYXRpdmVQYXRo0hgNGRpXTlMuZGF0YU8RAVoAAAAAAVoAAgAAB0phY2tzb24AAAAAAAAAAAAAAAAAAAAAAAAAAMkJoLpIKwAAAAWrtwphYm91dC5odG1sAAAAAAAAAAAAAAAAAAAAAAAAAAAAAAAAAAAAAAAAAAAAAAAAAAAAAAAAAAAAAAAAAAAAAAAAoRPCyUJbXAAAAAAAAAAAAAMAAgAACSAAAAAAAAAAAAAAAAAAAAAJRG9jdW1lbnRzAAAQAAgAAMkJMDoAAAARAAgAAMlB6twAAAABAAwABau3AAWrqgAAkZ8AAgAnSmFja3NvbjpVc2Vyczpqb2huOkRvY3VtZW50czphYm91dC5odG1sAAAOABYACgBhAGIAbwB1AHQALgBoAHQAbQBsAA8AEAAHAEoAYQBjAGsAcwBvAG4AEgAfVXNlcnMvam9obi9Eb2N1bWVudHMvYWJvdXQuaHRtbAAAEwABLwAAFQACAAv//wAAgAXSHB0eH1gkY2xhc3Nlc1okY2xhc3NuYW1lox8gIV1OU011dGFibGVEYXRhVk5TRGF0YVhOU09iamVjdF8QHS4uLy4uLy4uL0RvY3VtZW50cy9hYm91dC5odG1s0hwdJCWiJSFcTlNEaWN0aW9uYXJ5EgABhqBfEA9OU0tleWVkQXJjaGl2ZXIACAARABYAHwAoADIANQA6ADwARQBLAFIAXQBlAGwAbwBxAHMAdgB4AHoAfACGAJMAmACgAf4CAAIFAg4CGQIdAisCMgI7AlsCYAJjAnACdQAAAAAAAAIBAAAAAAAAACgAAAAAAAAAAAAAAAAAAAKH}}

@misc{:qf,
	Date-Added = {2010-12-29 21:28:27 +0800},
	Date-Modified = {2010-12-29 21:29:17 +0800},
	Howpublished = {Retrieved December 2010 from \url{http://httpd.apache.org/ABOUT_APACHE.html}},
	Title = {About the Apache HTTP Server Project},
	Year = {2010},
	Bdsk-File-1 = {YnBsaXN0MDDUAQIDBAUIJidUJHRvcFgkb2JqZWN0c1gkdmVyc2lvblkkYXJjaGl2ZXLRBgdUcm9vdIABqAkKFRYXGyIjVSRudWxs0wsMDQ4RFFpOUy5vYmplY3RzV05TLmtleXNWJGNsYXNzog8QgASABqISE4ACgAOAB1lhbGlhc0RhdGFccmVsYXRpdmVQYXRo0hgNGRpXTlMuZGF0YU8RAXQAAAAAAXQAAgAAB0phY2tzb24AAAAAAAAAAAAAAAAAAAAAAAAAAMkJoLpIKwAAAAWrtxFBQk9VVF9BUEFDSEUuaHRtbAAAAAAAAAAAAAAAAAAAAAAAAAAAAAAAAAAAAAAAAAAAAAAAAAAAAAAAAAAAAAAAnrpSyPqQigAAAAAAAAAAAAMAAgAACSAAAAAAAAAAAAAAAAAAAAAJRG9jdW1lbnRzAAAQAAgAAMkJMDoAAAARAAgAAMj6IAoAAAABAAwABau3AAWrqgAAkZ8AAgAuSmFja3NvbjpVc2Vyczpqb2huOkRvY3VtZW50czpBQk9VVF9BUEFDSEUuaHRtbAAOACQAEQBBAEIATwBVAFQAXwBBAFAAQQBDAEgARQAuAGgAdABtAGwADwAQAAcASgBhAGMAawBzAG8AbgASACZVc2Vycy9qb2huL0RvY3VtZW50cy9BQk9VVF9BUEFDSEUuaHRtbAATAAEvAAAVAAIAC///AACABdIcHR4fWCRjbGFzc2VzWiRjbGFzc25hbWWjHyAhXU5TTXV0YWJsZURhdGFWTlNEYXRhWE5TT2JqZWN0XxAkLi4vLi4vLi4vRG9jdW1lbnRzL0FCT1VUX0FQQUNIRS5odG1s0hwdJCWiJSFcTlNEaWN0aW9uYXJ5EgABhqBfEA9OU0tleWVkQXJjaGl2ZXIACAARABYAHwAoADIANQA6ADwARQBLAFIAXQBlAGwAbwBxAHMAdgB4AHoAfACGAJMAmACgAhgCGgIfAigCMwI3AkUCTAJVAnwCgQKEApEClgAAAAAAAAIBAAAAAAAAACgAAAAAAAAAAAAAAAAAAAKo}}

@misc{:ve,
	Date-Added = {2010-12-29 21:25:57 +0800},
	Date-Modified = {2010-12-29 21:26:30 +0800},
	Howpublished = {Retrieved December 2010 from \url{http://www.openbsd.org/cgi-bin/man.cgi?query=ssh&sektion=1}},
	Title = {OpenSSH SSH client (remote login program)},
	Bdsk-File-1 = {YnBsaXN0MDDUAQIDBAUIJidUJHRvcFgkb2JqZWN0c1gkdmVyc2lvblkkYXJjaGl2ZXLRBgdUcm9vdIABqAkKFRYXGyIjVSRudWxs0wsMDQ4RFFpOUy5vYmplY3RzV05TLmtleXNWJGNsYXNzog8QgASABqISE4ACgAOAB1lhbGlhc0RhdGFccmVsYXRpdmVQYXRo0hgNGRpXTlMuZGF0YU8RAVIAAAAAAVIAAgAAB0phY2tzb24AAAAAAAAAAAAAAAAAAAAAAAAAAMkJoLpIKwAAAAWrtwhtYW4uaHRtbAAAAAAAAAAAAAAAAAAAAAAAAAAAAAAAAAAAAAAAAAAAAAAAAAAAAAAAAAAAAAAAAAAAAAAAAAAAnroiyUFX/gAAAAAAAAAAAAMAAgAACSAAAAAAAAAAAAAAAAAAAAAJRG9jdW1lbnRzAAAQAAgAAMkJMDoAAAARAAgAAMlA534AAAABAAwABau3AAWrqgAAkZ8AAgAlSmFja3NvbjpVc2Vyczpqb2huOkRvY3VtZW50czptYW4uaHRtbAAADgASAAgAbQBhAG4ALgBoAHQAbQBsAA8AEAAHAEoAYQBjAGsAcwBvAG4AEgAdVXNlcnMvam9obi9Eb2N1bWVudHMvbWFuLmh0bWwAABMAAS8AABUAAgAL//8AAIAF0hwdHh9YJGNsYXNzZXNaJGNsYXNzbmFtZaMfICFdTlNNdXRhYmxlRGF0YVZOU0RhdGFYTlNPYmplY3RfEBsuLi8uLi8uLi9Eb2N1bWVudHMvbWFuLmh0bWzSHB0kJaIlIVxOU0RpY3Rpb25hcnkSAAGGoF8QD05TS2V5ZWRBcmNoaXZlcgAIABEAFgAfACgAMgA1ADoAPABFAEsAUgBdAGUAbABvAHEAcwB2AHgAegB8AIYAkwCYAKAB9gH4Af0CBgIRAhUCIwIqAjMCUQJWAlkCZgJrAAAAAAAAAgEAAAAAAAAAKAAAAAAAAAAAAAAAAAAAAn0=}}

@misc{Tucker:2010ly,
	Author = {Darren Tucker},
	Date-Added = {2010-12-29 21:19:44 +0800},
	Date-Modified = {2010-12-29 21:20:22 +0800},
	Howpublished = {Retrieved December 2010 from \url{http://www.openssh.com/features.html}},
	Title = {OpenSSH Features},
	Year = {2010}}

@misc{:2010zr,
	Date-Added = {2010-12-29 21:19:08 +0800},
	Date-Modified = {2010-12-29 21:19:34 +0800},
	Howpublished = {Retrieved December 2010 from \url{http://www.openssh.com/}},
	Title = {OpenSSH},
	Year = {2010}}

@misc{:2010ys,
	Date-Added = {2010-12-29 21:12:17 +0800},
	Date-Modified = {2010-12-29 21:12:50 +0800},
	Howpublished = {Retrieved December 2010 from \url{http://seleniumhq.org/docs/01_introducing_selenium.html}},
	Title = {Introducing Selenium},
	Year = {2010},
	Bdsk-File-1 = {YnBsaXN0MDDUAQIDBAUIJidUJHRvcFgkb2JqZWN0c1gkdmVyc2lvblkkYXJjaGl2ZXLRBgdUcm9vdIABqAkKFRYXGyIjVSRudWxs0wsMDQ4RFFpOUy5vYmplY3RzV05TLmtleXNWJGNsYXNzog8QgASABqISE4ACgAOAB1lhbGlhc0RhdGFccmVsYXRpdmVQYXRo0hgNGRpXTlMuZGF0YU8RAaIAAAAAAaIAAgAAB0phY2tzb24AAAAAAAAAAAAAAAAAAAAAAAAAAMkJoLpIKwAAAAWrtxwwMV9pbnRyb2R1Y2luZ19zZWxlbml1bS5odG1sAAAAAAAAAAAAAAAAAAAAAAAAAAAAAAAAAAAAAAAAAAAAAAAAnrhhyThtogAAAAAAAAAAAAMAAgAACSAAAAAAAAAAAAAAAAAAAAAJRG9jdW1lbnRzAAAQAAgAAMkJMDoAAAARAAgAAMk3/SIAAAABAAwABau3AAWrqgAAkZ8AAgA5SmFja3NvbjpVc2Vyczpqb2huOkRvY3VtZW50czowMV9pbnRyb2R1Y2luZ19zZWxlbml1bS5odG1sAAAOADoAHAAwADEAXwBpAG4AdAByAG8AZAB1AGMAaQBuAGcAXwBzAGUAbABlAG4AaQB1AG0ALgBoAHQAbQBsAA8AEAAHAEoAYQBjAGsAcwBvAG4AEgAxVXNlcnMvam9obi9Eb2N1bWVudHMvMDFfaW50cm9kdWNpbmdfc2VsZW5pdW0uaHRtbAAAEwABLwAAFQACAAv//wAAgAXSHB0eH1gkY2xhc3Nlc1okY2xhc3NuYW1lox8gIV1OU011dGFibGVEYXRhVk5TRGF0YVhOU09iamVjdF8QLy4uLy4uLy4uL0RvY3VtZW50cy8wMV9pbnRyb2R1Y2luZ19zZWxlbml1bS5odG1s0hwdJCWiJSFcTlNEaWN0aW9uYXJ5EgABhqBfEA9OU0tleWVkQXJjaGl2ZXIACAARABYAHwAoADIANQA6ADwARQBLAFIAXQBlAGwAbwBxAHMAdgB4AHoAfACGAJMAmACgAkYCSAJNAlYCYQJlAnMCegKDArUCugK9AsoCzwAAAAAAAAIBAAAAAAAAACgAAAAAAAAAAAAAAAAAAALh}}

@misc{:2010vn,
	Date-Added = {2010-12-29 21:07:56 +0800},
	Date-Modified = {2010-12-29 21:09:10 +0800},
	Howpublished = {Retrieved December 2010 from \url{http://gs.statcounter.com/}},
	Title = {StatCounter Global Stats - Browser, OS, Search Engine including Mobile Market Share},
	Year = {2010},
	Bdsk-File-1 = {YnBsaXN0MDDUAQIDBAUIJidUJHRvcFgkb2JqZWN0c1gkdmVyc2lvblkkYXJjaGl2ZXLRBgdUcm9vdIABqAkKFRYXGyIjVSRudWxs0wsMDQ4RFFpOUy5vYmplY3RzV05TLmtleXNWJGNsYXNzog8QgASABqISE4ACgAOAB1lhbGlhc0RhdGFccmVsYXRpdmVQYXRo0hgNGRpXTlMuZGF0YU8RAbwAAAAAAbwAAgAAB0phY2tzb24AAAAAAAAAAAAAAAAAAAAAAAAAAMkJoLpIKwAAAAWruh9icm93c2VyLXd3LW1vbnRobHktMiM5RUI2NEQuY3N2AAAAAAAAAAAAAAAAAAAAAAAAAAAAAAAAAAAAAAAAAAAAnrZNyUFT6gAAAAAAAAAAAAMAAgAACSAAAAAAAAAAAAAAAAAAAAAJRG93bmxvYWRzAAAQAAgAAMkJMDoAAAARAAgAAMlA42oAAAABAAwABau6AAWrqgAAkZ8AAgA8SmFja3NvbjpVc2Vyczpqb2huOkRvd25sb2Fkczpicm93c2VyLXd3LW1vbnRobHktMiM5RUI2NEQuY3N2AA4ASgAkAGIAcgBvAHcAcwBlAHIALQB3AHcALQBtAG8AbgB0AGgAbAB5AC0AMgAwADAAOQAxADIALQAyADAAMQAwADEAMQAuAGMAcwB2AA8AEAAHAEoAYQBjAGsAcwBvAG4AEgA5VXNlcnMvam9obi9Eb3dubG9hZHMvYnJvd3Nlci13dy1tb250aGx5LTIwMDkxMi0yMDEwMTEuY3N2AAATAAEvAAAVAAIAC///AACABdIcHR4fWCRjbGFzc2VzWiRjbGFzc25hbWWjHyAhXU5TTXV0YWJsZURhdGFWTlNEYXRhWE5TT2JqZWN0XxA3Li4vLi4vLi4vRG93bmxvYWRzL2Jyb3dzZXItd3ctbW9udGhseS0yMDA5MTItMjAxMDExLmNzdtIcHSQloiUhXE5TRGljdGlvbmFyeRIAAYagXxAPTlNLZXllZEFyY2hpdmVyAAgAEQAWAB8AKAAyADUAOgA8AEUASwBSAF0AZQBsAG8AcQBzAHYAeAB6AHwAhgCTAJgAoAJgAmICZwJwAnsCfwKNApQCnQLXAtwC3wLsAvEAAAAAAAACAQAAAAAAAAAoAAAAAAAAAAAAAAAAAAADAw==}}

@misc{:2010kx,
	Date-Added = {2010-12-29 21:04:41 +0800},
	Date-Modified = {2010-12-29 21:05:40 +0800},
	Howpublished = {Retrieved December 2010 from \url{http://www.w3schools.com/browsers/browsers_stats.asp}},
	Title = {Browser Statistics},
	Year = {2010},
	Bdsk-File-1 = {YnBsaXN0MDDUAQIDBAUIJidUJHRvcFgkb2JqZWN0c1gkdmVyc2lvblkkYXJjaGl2ZXLRBgdUcm9vdIABqAkKFRYXGyIjVSRudWxs0wsMDQ4RFFpOUy5vYmplY3RzV05TLmtleXNWJGNsYXNzog8QgASABqISE4ACgAOAB1lhbGlhc0RhdGFccmVsYXRpdmVQYXRo0hgNGRpXTlMuZGF0YU8RAXwAAAAAAXwAAgAAB0phY2tzb24AAAAAAAAAAAAAAAAAAAAAAAAAAMkJoLpIKwAAAAWrtxNicm93c2Vyc19zdGF0cy5odG1sAAAAAAAAAAAAAAAAAAAAAAAAAAAAAAAAAAAAAAAAAAAAAAAAAAAAAAAAAAAAnrJkyUFS+gAAAAAAAAAAAAMAAgAACSAAAAAAAAAAAAAAAAAAAAAJRG9jdW1lbnRzAAAQAAgAAMkJMDoAAAARAAgAAMlA4noAAAABAAwABau3AAWrqgAAkZ8AAgAwSmFja3NvbjpVc2Vyczpqb2huOkRvY3VtZW50czpicm93c2Vyc19zdGF0cy5odG1sAA4AKAATAGIAcgBvAHcAcwBlAHIAcwBfAHMAdABhAHQAcwAuAGgAdABtAGwADwAQAAcASgBhAGMAawBzAG8AbgASAChVc2Vycy9qb2huL0RvY3VtZW50cy9icm93c2Vyc19zdGF0cy5odG1sABMAAS8AABUAAgAL//8AAIAF0hwdHh9YJGNsYXNzZXNaJGNsYXNzbmFtZaMfICFdTlNNdXRhYmxlRGF0YVZOU0RhdGFYTlNPYmplY3RfECYuLi8uLi8uLi9Eb2N1bWVudHMvYnJvd3NlcnNfc3RhdHMuaHRtbNIcHSQloiUhXE5TRGljdGlvbmFyeRIAAYagXxAPTlNLZXllZEFyY2hpdmVyAAgAEQAWAB8AKAAyADUAOgA8AEUASwBSAF0AZQBsAG8AcQBzAHYAeAB6AHwAhgCTAJgAoAIgAiICJwIwAjsCPwJNAlQCXQKGAosCjgKbAqAAAAAAAAACAQAAAAAAAAAoAAAAAAAAAAAAAAAAAAACsg==}}

@misc{Hammond:2010fk,
	Author = {David Hammond},
	Date-Added = {2010-12-29 20:59:42 +0800},
	Date-Modified = {2010-12-29 21:01:51 +0800},
	Howpublished = {Retrieved December 2010 from \url{http://www.webdevout.net/browser-support}},
	Title = {Web browser standards support},
	Year = {2010},
	Bdsk-File-1 = {YnBsaXN0MDDUAQIDBAUIJidUJHRvcFgkb2JqZWN0c1gkdmVyc2lvblkkYXJjaGl2ZXLRBgdUcm9vdIABqAkKFRYXGyIjVSRudWxs0wsMDQ4RFFpOUy5vYmplY3RzV05TLmtleXNWJGNsYXNzog8QgASABqISE4ACgAOAB1lhbGlhc0RhdGFccmVsYXRpdmVQYXRo0hgNGRpXTlMuZGF0YU8RAYIAAAAAAYIAAgAAB0phY2tzb24AAAAAAAAAAAAAAAAAAAAAAAAAAMkJoLpIKwAAAAWrtxRicm93c2VyLXN1cHBvcnQuaHRtbAAAAAAAAAAAAAAAAAAAAAAAAAAAAAAAAAAAAAAAAAAAAAAAAAAAAAAAAAAAnrH1yUFRygAAAAAAAAAAAAMAAgAACSAAAAAAAAAAAAAAAAAAAAAJRG9jdW1lbnRzAAAQAAgAAMkJMDoAAAARAAgAAMlA4UoAAAABAAwABau3AAWrqgAAkZ8AAgAxSmFja3NvbjpVc2Vyczpqb2huOkRvY3VtZW50czpicm93c2VyLXN1cHBvcnQuaHRtbAAADgAqABQAYgByAG8AdwBzAGUAcgAtAHMAdQBwAHAAbwByAHQALgBoAHQAbQBsAA8AEAAHAEoAYQBjAGsAcwBvAG4AEgApVXNlcnMvam9obi9Eb2N1bWVudHMvYnJvd3Nlci1zdXBwb3J0Lmh0bWwAABMAAS8AABUAAgAL//8AAIAF0hwdHh9YJGNsYXNzZXNaJGNsYXNzbmFtZaMfICFdTlNNdXRhYmxlRGF0YVZOU0RhdGFYTlNPYmplY3RfECcuLi8uLi8uLi9Eb2N1bWVudHMvYnJvd3Nlci1zdXBwb3J0Lmh0bWzSHB0kJaIlIVxOU0RpY3Rpb25hcnkSAAGGoF8QD05TS2V5ZWRBcmNoaXZlcgAIABEAFgAfACgAMgA1ADoAPABFAEsAUgBdAGUAbABvAHEAcwB2AHgAegB8AIYAkwCYAKACJgIoAi0CNgJBAkUCUwJaAmMCjQKSApUCogKnAAAAAAAAAgEAAAAAAAAAKAAAAAAAAAAAAAAAAAAAArk=}}

@misc{:uq,
	Date-Added = {2010-08-28 20:19:44 +0800},
	Date-Modified = {2010-08-28 20:20:02 +0800},
	Howpublished = {Retrieved August 2010 from \url{http://en.wikipedia.org/wiki/VirtualBox}},
	Title = {VirtualBox}}

@misc{:fk,
	Date-Added = {2010-08-28 19:51:56 +0800},
	Date-Modified = {2010-08-28 20:19:24 +0800},
	Howpublished = {Retrieved August 2010 from \url{http://www.virtualbox.org/wiki/VirtualBox}},
	Title = {VirtualBox -- professional, flexible, open}}

@article{Huizingh:2000fk,
	Address = {Amsterdam, The Netherlands, The Netherlands},
	Author = {Huizingh, Eelko K. R. E.},
	Date-Modified = {2010-08-07 16:42:09 +0800},
	Doi = {http://dx.doi.org/10.1016/S0378-7206(99)00044-0},
	Issn = {0378-7206},
	Journal = {Inf. Manage.},
	Number = {3},
	Pages = {123--134},
	Publisher = {Elsevier Science Publishers B. V.},
	Title = {The content and design of web sites: an empirical study},
	Volume = {37},
	Year = {2000},
	Bdsk-Url-1 = {http://dx.doi.org/10.1016/S0378-7206(99)00044-0}}

@inproceedings{Freedman:2002kx,
	Author = {Freedman, Michael J. and Morris, Robert},
	Booktitle = {CCS '02: Proceedings of the 9th ACM conference on Computer and communications security},
	Date-Modified = {2010-05-17 16:35:31 +0800},
	Doi = {http://doi.acm.org/10.1145/586110.586137},
	Isbn = {1-58113-612-9},
	Location = {Washington, DC, USA},
	Pages = {193--206},
	Publisher = {ACM},
	Title = {Tarzan: a peer-to-peer anonymizing network layer},
	Year = {2002},
	Bdsk-Url-1 = {http://doi.acm.org/10.1145/586110.586137}}

@article{Danezis:2003ys,
	Address = {Los Alamitos, CA, USA},
	Author = {George Danezis and Roger Dingledine and Nick Mathewson},
	Date-Modified = {2010-05-17 16:38:38 +0800},
	Doi = {http://doi.ieeecomputersociety.org/10.1109/SECPRI.2003.1199323},
	Issn = {1540-7993},
	Journal = {Security and Privacy, IEEE Symposium on},
	Pages = {2},
	Publisher = {IEEE Computer Society},
	Title = {Mixminion: Design of a Type {III} Anonymous Remailer Protocol},
	Volume = {0},
	Year = {2003},
	Bdsk-Url-1 = {http://doi.ieeecomputersociety.org/10.1109/SECPRI.2003.1199323}}

@article{Salamatian:2001fk,
	Address = {New York, NY, USA},
	Author = {Salamatian, Kav\'{e} and Vaton, Sandrine},
	Date-Modified = {2010-05-17 16:34:06 +0800},
	Doi = {http://doi.acm.org/10.1145/384268.378439},
	Issn = {0163-5999},
	Journal = {SIGMETRICS Perform. Eval. Rev.},
	Number = {1},
	Pages = {92--101},
	Publisher = {ACM},
	Title = {Hidden Markov modeling for network communication channels},
	Volume = {29},
	Year = {2001},
	Bdsk-Url-1 = {http://doi.acm.org/10.1145/384268.378439}}

@techreport{Bartlett06a,
	Author = {Genevieve Bartlett and John Heidemann and Christos Papadopoulos},
	Copyrightholder = {authors},
	Institution = {USC/Information Sciences Institute},
	Month = {12},
	Myorganization = {USC/Information Sciences Institute},
	Number = {ISI-TR-2006-627},
	Pdfurl = {http://www.isi.edu/~johnh/PAPERS/Bartlett06a.pdf},
	Title = {Inherent Behaviors for On-line Detection of Peer-to-Peer File Sharing (extended)},
	Url = {http://www.isi.edu/~johnh/PAPERS/Bartlett06a.html},
	Year = {2006},
	Bdsk-Url-1 = {http://www.isi.edu/~johnh/PAPERS/Bartlett06a.html}}

@book{Kahn:1974:C,
	Acknowledgement = ack-nhfb,
	Address = {London, UK},
	Author = {David Kahn},
	Bibdate = {Thu Jul 23 17:02:35 1998},
	Edition = {Abridged},
	Isbn = {0-297-76785-2},
	Isbn-13 = {978-0-297-76785-5},
	Lccn = {Z103 .K28 1974},
	Pages = {xvi + 576},
	Publisher = {Weidenfeld and Nicolson},
	Title = {The codebreakers},
	Year = {1974}}

@book{Jevons:1874vn,
	Author = {William Stanley Jevons},
	Date-Modified = {2010-05-17 16:37:25 +0800},
	Language = {English},
	Location = {London},
	Month = {1},
	Publisher = {Macmillan and Co.},
	Title = {The Principles of Science a Treatise on Logic and Scientific Method},
	Year = {1874}}

@book{Schneier:1996uq,
	Abstract = {{Cryptographic techniques have applications far beyond the obvious uses of encoding and decoding information. For Internet developers who need to know about capabilities, such as digital signatures, that depend on cryptographic techniques, there's no better overview than <b>Applied Cryptography</b>, the definitive book on the subject. Bruce Schneier covers general classes of cryptographic protocols and then specific techniques, detailing the inner workings of real-world cryptographic algorithms including the Data Encryption Standard and RSA public-key cryptosystems. The book includes source-code listings and extensive advice on the practical aspects of cryptography implementation, such as the importance of generating truly random numbers and of keeping keys secure.} {". . .the best introduction to cryptography I've ever seen. . . . The book the National Security Agency wanted never to be published. . . ." -Wired Magazine<br>   <br>   ". . .monumental . . . fascinating . . . comprehensive . . . the definitive work on cryptography for computer programmers . . ." -Dr. Dobb's Journal<br>   <br>   ". . .easily ranks as one of the most authoritative in its field." -PC Magazine<br>   <br>   ". . .the bible of code hackers." -The Millennium Whole Earth Catalog<br>   <br>   This new edition of the cryptography classic provides you with a comprehensive survey of modern cryptography. The book details how programmers and electronic communications professionals can use cryptography-the technique of enciphering and deciphering messages-to maintain the privacy of computer data. It describes dozens of cryptography algorithms, gives practical advice on how to implement them into cryptographic software, and shows how they can be used to solve security problems. Covering the latest developments in practical cryptographic techniques, this new edition shows programmers who design computer applications, networks, and storage systems how they can build security into their software and systems.<br>   <br>   What's new in the Second Edition?<br>   * New information on the Clipper Chip, including ways to defeat the key escrow mechanism<br>   * New encryption algorithms, including algorithms from the former Soviet Union and South Africa, and the RC4 stream cipher<br>   * The latest protocols for digital signatures, authentication, secure elections, digital cash, and more<br>   * More detailed information on key management and cryptographic implementations}},
	Address = {New York, NY, USA},
	Author = {Schneier, Bruce},
	Citeulike-Article-Id = {249326},
	Citeulike-Linkout-0 = {http://www.amazon.ca/exec/obidos/redirect?tag=citeulike09-20\&amp;path=ASIN/0471117099},
	Citeulike-Linkout-1 = {http://www.amazon.de/exec/obidos/redirect?tag=citeulike01-21\&amp;path=ASIN/0471117099},
	Citeulike-Linkout-2 = {http://www.amazon.fr/exec/obidos/redirect?tag=citeulike06-21\&amp;path=ASIN/0471117099},
	Citeulike-Linkout-3 = {http://www.amazon.jp/exec/obidos/ASIN/0471117099},
	Citeulike-Linkout-4 = {http://www.amazon.co.uk/exec/obidos/ASIN/0471117099/citeulike00-21},
	Citeulike-Linkout-5 = {http://www.amazon.com/exec/obidos/redirect?tag=citeulike07-20\&path=ASIN/0471117099},
	Citeulike-Linkout-6 = {http://www.worldcat.org/isbn/0471117099},
	Citeulike-Linkout-7 = {http://books.google.com/books?vid=ISBN0471117099},
	Citeulike-Linkout-8 = {http://www.amazon.com/gp/search?keywords=0471117099\&index=books\&linkCode=qs},
	Citeulike-Linkout-9 = {http://www.librarything.com/isbn/0471117099},
	Date-Modified = {2010-05-17 16:35:22 +0800},
	Day = {18},
	Edition = {2nd},
	Howpublished = {Paperback},
	Isbn = {0471117099},
	Keywords = {codes, computer-science, cryptography},
	Month = {10},
	Posted-At = {2007-12-19 15:23:48},
	Priority = {3},
	Publisher = {Wiley},
	Title = {Applied Cryptography: Protocols, Algorithms, and Source Code in {C}, Second Edition},
	Url = {http://www.amazon.com/exec/obidos/redirect?tag=citeulike07-20\&path=ASIN/0471117099},
	Year = {1996},
	Bdsk-Url-1 = {http://www.amazon.com/exec/obidos/redirect?tag=citeulike07-20%5C&path=ASIN/0471117099}}

@book{Singh:1999:CBE,
	Acknowledgement = ack-nhfb,
	Address = {New York, NY, USA},
	Author = {Simon Singh},
	Bibdate = {Mon Dec 06 16:25:40 1999},
	Isbn = {0-385-49531-5},
	Isbn-13 = {978-0-385-49531-8},
	Lccn = {Z103 .S56 1999},
	Pages = {xiii + 402},
	Price = {US\$24.95},
	Publisher = {Doubleday},
	Title = {The code book: the evolution of secrecy from {Mary, Queen of Scots}, to quantum cryptography},
	Year = {1999}}

@article{Thompson97wide-areainternet,
	Author = {Kevin Thompson and Gregory J. Miller and Rick Wilder},
	Date-Modified = {2010-12-30 16:04:39 +0800},
	Journal = {IEEE Network},
	Keywords = {web-usage},
	Pages = {10--23},
	Title = {Wide-area Internet traffic patterns and characteristics},
	Volume = {11},
	Year = {1997}}

@inproceedings{Ken03longitudinalstudy,
	Author = {Marina Fomenkov Ken and Ken Keys and David Moore and K Claffy},
	Booktitle = {in Proceedings of the Winter International Synposium on Information and Communication Technologies},
	Pages = {1--6},
	Title = {Longitudinal study of Internet traffic in 1998-2003},
	Year = {2003}}

@article{P5Sherwood:2005p5872,
	Author = {R Sherwood and B Bhattacharjee and A Srinivasan},
	Date-Added = {2010-03-21 16:51:32 +0800},
	Date-Modified = {2010-03-21 16:51:45 +0800},
	Journal = {Journal of Computer Security},
	Local-Url = {file://localhost/Users/ernie/Documents/Papers/2005/Sherwood/Journal%20of%20Computer%20Security%202005%20Sherwood.pdf},
	Number = {6},
	Pages = {839--876},
	Pmid = {2424171705239938190related:jiRhdVJjpCEJ},
	Rating = {0},
	Title = {{P5: A protocol for scalable anonymous communication}},
	Uri = {papers://D1E13606-509C-42BA-9D8D-231318593F1D/Paper/p5872},
	Volume = {13},
	Year = {2005},
	Bdsk-File-1 = {YnBsaXN0MDDUAQIDBAUIJidUJHRvcFgkb2JqZWN0c1gkdmVyc2lvblkkYXJjaGl2ZXLRBgdUcm9vdIABqAkKFRYXGyIjVSRudWxs0wsMDQ4RFFpOUy5vYmplY3RzV05TLmtleXNWJGNsYXNzog8QgASABqISE4ACgAOAB1lhbGlhc0RhdGFccmVsYXRpdmVQYXRo0hgNGRpXTlMuZGF0YU8RAg4AAAAAAg4AAgAAB0phY2tzb24AAAAAAAAAAAAAAAAAAAAAAAAAAMkJoLpIKwAAAAmp3h9Kb3VybmFsIG9mIENvbXB1dGVyIFMjOUE5REYucGRmAAAAAAAAAAAAAAAAAAAAAAAAAAAAAAAAAAAAAAAAAAAACanfyQnDlAAAAAAAAAAAAAMABQAACSAAAAAAAAAAAAAAAAAAAAAIU2hlcndvb2QAEAAIAADJCTA6AAAAEQAIAADJCVMUAAAAAQAYAAmp3gAJqbAACZaKAAWrtwAFq6oAAJGfAAIAUUphY2tzb246VXNlcnM6am9objpEb2N1bWVudHM6UGFwZXJzOjIwMDU6U2hlcndvb2Q6Sm91cm5hbCBvZiBDb21wdXRlciBTIzlBOURGLnBkZgAADgBeAC4ASgBvAHUAcgBuAGEAbAAgAG8AZgAgAEMAbwBtAHAAdQB0AGUAcgAgAFMAZQBjAHUAcgBpAHQAeQAgADIAMAAwADUAIABTAGgAZQByAHcAbwBvAGQALgBwAGQAZgAPABAABwBKAGEAYwBrAHMAbwBuABIAWFVzZXJzL2pvaG4vRG9jdW1lbnRzL1BhcGVycy8yMDA1L1NoZXJ3b29kL0pvdXJuYWwgb2YgQ29tcHV0ZXIgU2VjdXJpdHkgMjAwNSBTaGVyd29vZC5wZGYAEwABLwAAFQACAAv//wAAgAXSHB0eH1gkY2xhc3Nlc1okY2xhc3NuYW1lox8gIV1OU011dGFibGVEYXRhVk5TRGF0YVhOU09iamVjdF8QVi4uLy4uLy4uL0RvY3VtZW50cy9QYXBlcnMvMjAwNS9TaGVyd29vZC9Kb3VybmFsIG9mIENvbXB1dGVyIFNlY3VyaXR5IDIwMDUgU2hlcndvb2QucGRm0hwdJCWiJSFcTlNEaWN0aW9uYXJ5EgABhqBfEA9OU0tleWVkQXJjaGl2ZXIACAARABYAHwAoADIANQA6ADwARQBLAFIAXQBlAGwAbwBxAHMAdgB4AHoAfACGAJMAmACgArICtAK5AsICzQLRAt8C5gLvA0gDTQNQA10DYgAAAAAAAAIBAAAAAAAAACgAAAAAAAAAAAAAAAAAAAN0}}

@article{Karagiannis:2004p6400,
	Author = {T Karagiannis and A Broido and M Faloutsos},
	Date-Added = {2010-04-03 20:53:34 +0800},
	Date-Modified = {2010-04-25 22:39:00 +0800},
	Journal = {Proceedings of the 4th ACM SIGCOMM conference on Internet measurement},
	Local-Url = {file://localhost/Users/ernie/Documents/Papers/2004/Karagiannis/Proceedings%20of%20the%204th%20ACM%20SIGCOMM%20conference%20on%20Internet%20measurement%202004%20Karagiannis.pdf},
	Pages = {121--134},
	Pmid = {15030843159957379570related:8pnelzdImNAJ},
	Rating = {0},
	Read = {Yes},
	Title = {Transport layer identification of {P2P} traffic},
	Uri = {papers://D1E13606-509C-42BA-9D8D-231318593F1D/Paper/p6400},
	Year = {2004},
	Bdsk-File-1 = {YnBsaXN0MDDUAQIDBAUIJidUJHRvcFgkb2JqZWN0c1gkdmVyc2lvblkkYXJjaGl2ZXLRBgdUcm9vdIABqAkKFRYXGyIjVSRudWxs0wsMDQ4RFFpOUy5vYmplY3RzV05TLmtleXNWJGNsYXNzog8QgASABqISE4ACgAOAB1lhbGlhc0RhdGFccmVsYXRpdmVQYXRo0hgNGRpXTlMuZGF0YU8RApwAAAAAApwAAgAAB0phY2tzb24AAAAAAAAAAAAAAAAAAAAAAAAAAMkJoLpIKwAAAAmpeB9Qcm9jZWVkaW5ncyBvZiB0aGUgNHQjOUE5N0EucGRmAAAAAAAAAAAAAAAAAAAAAAAAAAAAAAAAAAAAAAAAAAAACal6yQnDkgAAAAAAAAAAAAMABQAACSAAAAAAAAAAAAAAAAAAAAALS2FyYWdpYW5uaXMAABAACAAAyQkwOgAAABEACAAAyQlTEgAAAAEAGAAJqXgACalnAAmWigAFq7cABauqAACRnwACAFRKYWNrc29uOlVzZXJzOmpvaG46RG9jdW1lbnRzOlBhcGVyczoyMDA0OkthcmFnaWFubmlzOlByb2NlZWRpbmdzIG9mIHRoZSA0dCM5QTk3QS5wZGYADgC2AFoAUAByAG8AYwBlAGUAZABpAG4AZwBzACAAbwBmACAAdABoAGUAIAA0AHQAaAAgAEEAQwBNACAAUwBJAEcAQwBPAE0ATQAgAGMAbwBuAGYAZQByAGUAbgBjAGUAIABvAG4AIABJAG4AdABlAHIAbgBlAHQAIABtAGUAYQBzAHUAcgBlAG0AZQBuAHQAIAAyADAAMAA0ACAASwBhAHIAYQBnAGkAYQBuAG4AaQBzAC4AcABkAGYADwAQAAcASgBhAGMAawBzAG8AbgASAIdVc2Vycy9qb2huL0RvY3VtZW50cy9QYXBlcnMvMjAwNC9LYXJhZ2lhbm5pcy9Qcm9jZWVkaW5ncyBvZiB0aGUgNHRoIEFDTSBTSUdDT01NIGNvbmZlcmVuY2Ugb24gSW50ZXJuZXQgbWVhc3VyZW1lbnQgMjAwNCBLYXJhZ2lhbm5pcy5wZGYAABMAAS8AABUAAgAL//8AAIAF0hwdHh9YJGNsYXNzZXNaJGNsYXNzbmFtZaMfICFdTlNNdXRhYmxlRGF0YVZOU0RhdGFYTlNPYmplY3RfEIUuLi8uLi8uLi9Eb2N1bWVudHMvUGFwZXJzLzIwMDQvS2FyYWdpYW5uaXMvUHJvY2VlZGluZ3Mgb2YgdGhlIDR0aCBBQ00gU0lHQ09NTSBjb25mZXJlbmNlIG9uIEludGVybmV0IG1lYXN1cmVtZW50IDIwMDQgS2FyYWdpYW5uaXMucGRm0hwdJCWiJSFcTlNEaWN0aW9uYXJ5EgABhqBfEA9OU0tleWVkQXJjaGl2ZXIACAARABYAHwAoADIANQA6ADwARQBLAFIAXQBlAGwAbwBxAHMAdgB4AHoAfACGAJMAmACgA0ADQgNHA1ADWwNfA20DdAN9BAUECgQNBBoEHwAAAAAAAAIBAAAAAAAAACgAAAAAAAAAAAAAAAAAAAQx}}

@article{Oneil:2004p6451,
	Author = {D Oneil and H Jeong and K Jinoh and KD Kwon},
	Date-Added = {2010-04-11 13:13:47 +0800},
	Date-Modified = {2010-04-11 13:14:14 +0800},
	Journal = {Taormina: Proceeding of Internet Measurement Conference},
	Local-Url = {file://localhost/Users/ernie/Documents/Papers/2004/Oneil/Taormina%20Proceeding%20of%20Internet%20Measurement%20Conference%202004%20Oneil.pdf},
	Pmid = {3384048427893086006related:NldJnx2O9i4J},
	Rating = {0},
	Read = {Yes},
	Title = {Transport Layer Identification of {P2P} Super nodes},
	Uri = {papers://D1E13606-509C-42BA-9D8D-231318593F1D/Paper/p6451},
	Year = {2004},
	Bdsk-File-1 = {YnBsaXN0MDDUAQIDBAUIJidUJHRvcFgkb2JqZWN0c1gkdmVyc2lvblkkYXJjaGl2ZXLRBgdUcm9vdIABqAkKFRYXGyIjVSRudWxs0wsMDQ4RFFpOUy5vYmplY3RzV05TLmtleXNWJGNsYXNzog8QgASABqISE4ACgAOAB1lhbGlhc0RhdGFccmVsYXRpdmVQYXRo0hgNGRpXTlMuZGF0YU8RAkoAAAAAAkoAAgAAB0phY2tzb24AAAAAAAAAAAAAAAAAAAAAAAAAAMkJoLpIKwAAAAmpnR9UYW9ybWluYSBQcm9jZWVkaW5nIG8jOUE5OUUucGRmAAAAAAAAAAAAAAAAAAAAAAAAAAAAAAAAAAAAAAAAAAAACameyQnDkgAAAAAAAAAAAAMABQAACSAAAAAAAAAAAAAAAAAAAAAFT25laWwAABAACAAAyQkwOgAAABEACAAAyQlTEgAAAAEAGAAJqZ0ACalnAAmWigAFq7cABauqAACRnwACAE5KYWNrc29uOlVzZXJzOmpvaG46RG9jdW1lbnRzOlBhcGVyczoyMDA0Ok9uZWlsOlRhb3JtaW5hIFByb2NlZWRpbmcgbyM5QTk5RS5wZGYADgCMAEUAVABhAG8AcgBtAGkAbgBhACAAUAByAG8AYwBlAGUAZABpAG4AZwAgAG8AZgAgAEkAbgB0AGUAcgBuAGUAdAAgAE0AZQBhAHMAdQByAGUAbQBlAG4AdAAgAEMAbwBuAGYAZQByAGUAbgBjAGUAIAAyADAAMAA0ACAATwBuAGUAaQBsAC4AcABkAGYADwAQAAcASgBhAGMAawBzAG8AbgASAGxVc2Vycy9qb2huL0RvY3VtZW50cy9QYXBlcnMvMjAwNC9PbmVpbC9UYW9ybWluYSBQcm9jZWVkaW5nIG9mIEludGVybmV0IE1lYXN1cmVtZW50IENvbmZlcmVuY2UgMjAwNCBPbmVpbC5wZGYAEwABLwAAFQACAAv//wAAgAXSHB0eH1gkY2xhc3Nlc1okY2xhc3NuYW1lox8gIV1OU011dGFibGVEYXRhVk5TRGF0YVhOU09iamVjdF8Qai4uLy4uLy4uL0RvY3VtZW50cy9QYXBlcnMvMjAwNC9PbmVpbC9UYW9ybWluYSBQcm9jZWVkaW5nIG9mIEludGVybmV0IE1lYXN1cmVtZW50IENvbmZlcmVuY2UgMjAwNCBPbmVpbC5wZGbSHB0kJaIlIVxOU0RpY3Rpb25hcnkSAAGGoF8QD05TS2V5ZWRBcmNoaXZlcgAIABEAFgAfACgAMgA1ADoAPABFAEsAUgBdAGUAbABvAHEAcwB2AHgAegB8AIYAkwCYAKAC7gLwAvUC/gMJAw0DGwMiAysDmAOdA6ADrQOyAAAAAAAAAgEAAAAAAAAAKAAAAAAAAAAAAAAAAAAAA8Q=}}

@article{Iliofotou:2009p6461,
	Author = {M Iliofotou and H Kim and M Faloutsos and M Mitzenmacher and P PAPPU and G Varghese},
	Date-Added = {2010-04-11 14:12:57 +0800},
	Date-Modified = {2010-05-08 15:22:15 +0800},
	Journal = {IEEE Global Internet Symposium},
	Local-Url = {file://localhost/Users/ernie/Documents/Papers/2009/Iliofotou/IEEE%20Global%20Internet%20Symposium%202009%20Iliofotou.pdf},
	Pmid = {5650283082081809627related:27Ti04bWaU4J},
	Rating = {0},
	Title = {Graph-based {P2P} traffic classification at the internet backbone},
	Uri = {papers://D1E13606-509C-42BA-9D8D-231318593F1D/Paper/p6461},
	Year = {2009},
	Bdsk-File-1 = {YnBsaXN0MDDUAQIDBAUIJidUJHRvcFgkb2JqZWN0c1gkdmVyc2lvblkkYXJjaGl2ZXLRBgdUcm9vdIABqAkKFRYXGyIjVSRudWxs0wsMDQ4RFFpOUy5vYmplY3RzV05TLmtleXNWJGNsYXNzog8QgASABqISE4ACgAOAB1lhbGlhc0RhdGFccmVsYXRpdmVQYXRo0hgNGRpXTlMuZGF0YU8RAhoAAAAAAhoAAgAAB0phY2tzb24AAAAAAAAAAAAAAAAAAAAAAAAAAMkJoLpIKwAAAAmqdR9JRUVFIEdsb2JhbCBJbnRlcm5ldCAjOUFBNzYucGRmAAAAAAAAAAAAAAAAAAAAAAAAAAAAAAAAAAAAAAAAAAAACap2yQnDlgAAAAAAAAAAAAMABQAACSAAAAAAAAAAAAAAAAAAAAAJSWxpb2ZvdG91AAAQAAgAAMkJMDoAAAARAAgAAMkJUxYAAAABABgACap1AAmqagAJlooABau3AAWrqgAAkZ8AAgBSSmFja3NvbjpVc2Vyczpqb2huOkRvY3VtZW50czpQYXBlcnM6MjAwOTpJbGlvZm90b3U6SUVFRSBHbG9iYWwgSW50ZXJuZXQgIzlBQTc2LnBkZgAOAGQAMQBJAEUARQBFACAARwBsAG8AYgBhAGwAIABJAG4AdABlAHIAbgBlAHQAIABTAHkAbQBwAG8AcwBpAHUAbQAgADIAMAAwADkAIABJAGwAaQBvAGYAbwB0AG8AdQAuAHAAZABmAA8AEAAHAEoAYQBjAGsAcwBvAG4AEgBcVXNlcnMvam9obi9Eb2N1bWVudHMvUGFwZXJzLzIwMDkvSWxpb2ZvdG91L0lFRUUgR2xvYmFsIEludGVybmV0IFN5bXBvc2l1bSAyMDA5IElsaW9mb3RvdS5wZGYAEwABLwAAFQACAAv//wAAgAXSHB0eH1gkY2xhc3Nlc1okY2xhc3NuYW1lox8gIV1OU011dGFibGVEYXRhVk5TRGF0YVhOU09iamVjdF8QWi4uLy4uLy4uL0RvY3VtZW50cy9QYXBlcnMvMjAwOS9JbGlvZm90b3UvSUVFRSBHbG9iYWwgSW50ZXJuZXQgU3ltcG9zaXVtIDIwMDkgSWxpb2ZvdG91LnBkZtIcHSQloiUhXE5TRGljdGlvbmFyeRIAAYagXxAPTlNLZXllZEFyY2hpdmVyAAgAEQAWAB8AKAAyADUAOgA8AEUASwBSAF0AZQBsAG8AcQBzAHYAeAB6AHwAhgCTAJgAoAK+AsACxQLOAtkC3QLrAvIC+wNYA10DYANtA3IAAAAAAAACAQAAAAAAAAAoAAAAAAAAAAAAAAAAAAADhA==}}

@article{Iliofotou:2008p6373,
	Author = {M Iliofotou and P PAPPU and M Faloutsos and M MITZEN-MACHER and G Varghese and H Kim},
	Date-Added = {2010-04-03 18:41:41 +0800},
	Date-Modified = {2010-05-08 15:21:49 +0800},
	Local-Url = {file://localhost/Users/ernie/Documents/Papers/2008/Iliofotou/2008%20Iliofotou.pdf},
	Pmid = {4001668018422010206related:XtEVa9zHiDcJ},
	Rating = {0},
	Read = {Yes},
	Title = {Graption: Automated detection of {P2P} applications using traffic dispersion graphs ({TDGs})},
	Uri = {papers://D1E13606-509C-42BA-9D8D-231318593F1D/Paper/p6373},
	Year = {2008},
	Bdsk-File-1 = {YnBsaXN0MDDUAQIDBAUIJidUJHRvcFgkb2JqZWN0c1gkdmVyc2lvblkkYXJjaGl2ZXLRBgdUcm9vdIABqAkKFRYXGyIjVSRudWxs0wsMDQ4RFFpOUy5vYmplY3RzV05TLmtleXNWJGNsYXNzog8QgASABqISE4ACgAOAB1lhbGlhc0RhdGFccmVsYXRpdmVQYXRo0hgNGRpXTlMuZGF0YU8RAbIAAAAAAbIAAgAAB0phY2tzb24AAAAAAAAAAAAAAAAAAAAAAAAAAMkJoLpIKwAAAAmqXBIyMDA4IElsaW9mb3RvdS5wZGYAAAAAAAAAAAAAAAAAAAAAAAAAAAAAAAAAAAAAAAAAAAAAAAAAAAAAAAAAAAAACapdyQnDlQAAAAAAAAAAAAMABQAACSAAAAAAAAAAAAAAAAAAAAAJSWxpb2ZvdG91AAAQAAgAAMkJMDoAAAARAAgAAMkJUxUAAAABABgACapcAAmqTAAJlooABau3AAWrqgAAkZ8AAgBFSmFja3NvbjpVc2Vyczpqb2huOkRvY3VtZW50czpQYXBlcnM6MjAwODpJbGlvZm90b3U6MjAwOCBJbGlvZm90b3UucGRmAAAOACYAEgAyADAAMAA4ACAASQBsAGkAbwBmAG8AdABvAHUALgBwAGQAZgAPABAABwBKAGEAYwBrAHMAbwBuABIAPVVzZXJzL2pvaG4vRG9jdW1lbnRzL1BhcGVycy8yMDA4L0lsaW9mb3RvdS8yMDA4IElsaW9mb3RvdS5wZGYAABMAAS8AABUAAgAL//8AAIAF0hwdHh9YJGNsYXNzZXNaJGNsYXNzbmFtZaMfICFdTlNNdXRhYmxlRGF0YVZOU0RhdGFYTlNPYmplY3RfEDsuLi8uLi8uLi9Eb2N1bWVudHMvUGFwZXJzLzIwMDgvSWxpb2ZvdG91LzIwMDggSWxpb2ZvdG91LnBkZtIcHSQloiUhXE5TRGljdGlvbmFyeRIAAYagXxAPTlNLZXllZEFyY2hpdmVyAAgAEQAWAB8AKAAyADUAOgA8AEUASwBSAF0AZQBsAG8AcQBzAHYAeAB6AHwAhgCTAJgAoAJWAlgCXQJmAnECdQKDAooCkwLRAtYC2QLmAusAAAAAAAACAQAAAAAAAAAoAAAAAAAAAAAAAAAAAAAC/Q==}}

@article{Wagner:1996p385,
	Author = {D Wagner and B Schneier},
	Date-Added = {2010-02-27 17:25:59 +0800},
	Date-Modified = {2010-03-01 14:00:27 +0800},
	Local-Url = {file://localhost/Users/ernie/Documents/Papers/1996/Wagner/1996%20Wagner.pdf},
	Pmid = {18202872781350677701related:xawICFqYnfwJ},
	Rating = {0},
	Read = {Yes},
	Title = {Analysis of the {SSL} 3.0 protocol},
	Uri = {papers://D1E13606-509C-42BA-9D8D-231318593F1D/Paper/p385},
	Year = {1996},
	Bdsk-File-1 = {YnBsaXN0MDDUAQIDBAUIJidUJHRvcFgkb2JqZWN0c1gkdmVyc2lvblkkYXJjaGl2ZXLRBgdUcm9vdIABqAkKFRYXGyIjVSRudWxs0wsMDQ4RFFpOUy5vYmplY3RzV05TLmtleXNWJGNsYXNzog8QgASABqISE4ACgAOAB1lhbGlhc0RhdGFccmVsYXRpdmVQYXRo0hgNGRpXTlMuZGF0YU8RAZwAAAAAAZwAAgAAB0phY2tzb24AAAAAAAAAAAAAAAAAAAAAAAAAAMkJoLpIKwAAAAmoyg8xOTk2IFdhZ25lci5wZGYAAAAAAAAAAAAAAAAAAAAAAAAAAAAAAAAAAAAAAAAAAAAAAAAAAAAAAAAAAAAAAAAACajLyQnDkQAAAAAAAAAAAAMABQAACSAAAAAAAAAAAAAAAAAAAAAGV2FnbmVyABAACAAAyQkwOgAAABEACAAAyQlTEQAAAAEAGAAJqMoACajAAAmWigAFq7cABauqAACRnwACAD9KYWNrc29uOlVzZXJzOmpvaG46RG9jdW1lbnRzOlBhcGVyczoxOTk2OldhZ25lcjoxOTk2IFdhZ25lci5wZGYAAA4AIAAPADEAOQA5ADYAIABXAGEAZwBuAGUAcgAuAHAAZABmAA8AEAAHAEoAYQBjAGsAcwBvAG4AEgA3VXNlcnMvam9obi9Eb2N1bWVudHMvUGFwZXJzLzE5OTYvV2FnbmVyLzE5OTYgV2FnbmVyLnBkZgAAEwABLwAAFQACAAv//wAAgAXSHB0eH1gkY2xhc3Nlc1okY2xhc3NuYW1lox8gIV1OU011dGFibGVEYXRhVk5TRGF0YVhOU09iamVjdF8QNS4uLy4uLy4uL0RvY3VtZW50cy9QYXBlcnMvMTk5Ni9XYWduZXIvMTk5NiBXYWduZXIucGRm0hwdJCWiJSFcTlNEaWN0aW9uYXJ5EgABhqBfEA9OU0tleWVkQXJjaGl2ZXIACAARABYAHwAoADIANQA6ADwARQBLAFIAXQBlAGwAbwBxAHMAdgB4AHoAfACGAJMAmACgAkACQgJHAlACWwJfAm0CdAJ9ArUCugK9AsoCzwAAAAAAAAIBAAAAAAAAACgAAAAAAAAAAAAAAAAAAALh}}

@article{Shannon:1948p6583,
	Author = {C E Shannon},
	Date-Added = {2010-04-12 16:41:11 +0800},
	Date-Modified = {2010-05-08 14:03:26 +0800},
	Journal = {Bell System Technical Journal},
	Local-Url = {file://localhost/Users/ernie/Documents/Papers/1948/Shannon/Bell%20System%20Technical%20Journal%201948%20Shannon.pdf},
	Pages = {379--423},
	Pmid = {10721928903612292015related:r9vN1ofxy5QJ},
	Rating = {0},
	Read = {Yes},
	Title = {A mathematical theory of communication, Part {I}},
	Uri = {papers://D1E13606-509C-42BA-9D8D-231318593F1D/Paper/p6583},
	Volume = {27},
	Year = {1948},
	Bdsk-File-1 = {YnBsaXN0MDDUAQIDBAUIJidUJHRvcFgkb2JqZWN0c1gkdmVyc2lvblkkYXJjaGl2ZXLRBgdUcm9vdIABqAkKFRYXGyIjVSRudWxs0wsMDQ4RFFpOUy5vYmplY3RzV05TLmtleXNWJGNsYXNzog8QgASABqISE4ACgAOAB1lhbGlhc0RhdGFccmVsYXRpdmVQYXRo0hgNGRpXTlMuZGF0YU8RAgwAAAAAAgwAAgAAB0phY2tzb24AAAAAAAAAAAAAAAAAAAAAAAAAAMkJoLpIKwAAAAmofB9CZWxsIFN5c3RlbSBUZWNobmljYWwjOUE4N0QucGRmAAAAAAAAAAAAAAAAAAAAAAAAAAAAAAAAAAAAAAAAAAAACah9yQnDkAAAAAAAAAAAAAMABQAACSAAAAAAAAAAAAAAAAAAAAAHU2hhbm5vbgAAEAAIAADJCTA6AAAAEQAIAADJCVMQAAAAAQAYAAmofAAJqHsACZaKAAWrtwAFq6oAAJGfAAIAUEphY2tzb246VXNlcnM6am9objpEb2N1bWVudHM6UGFwZXJzOjE5NDg6U2hhbm5vbjpCZWxsIFN5c3RlbSBUZWNobmljYWwjOUE4N0QucGRmAA4AXgAuAEIAZQBsAGwAIABTAHkAcwB0AGUAbQAgAFQAZQBjAGgAbgBpAGMAYQBsACAASgBvAHUAcgBuAGEAbAAgADEAOQA0ADgAIABTAGgAYQBuAG4AbwBuAC4AcABkAGYADwAQAAcASgBhAGMAawBzAG8AbgASAFdVc2Vycy9qb2huL0RvY3VtZW50cy9QYXBlcnMvMTk0OC9TaGFubm9uL0JlbGwgU3lzdGVtIFRlY2huaWNhbCBKb3VybmFsIDE5NDggU2hhbm5vbi5wZGYAABMAAS8AABUAAgAL//8AAIAF0hwdHh9YJGNsYXNzZXNaJGNsYXNzbmFtZaMfICFdTlNNdXRhYmxlRGF0YVZOU0RhdGFYTlNPYmplY3RfEFUuLi8uLi8uLi9Eb2N1bWVudHMvUGFwZXJzLzE5NDgvU2hhbm5vbi9CZWxsIFN5c3RlbSBUZWNobmljYWwgSm91cm5hbCAxOTQ4IFNoYW5ub24ucGRm0hwdJCWiJSFcTlNEaWN0aW9uYXJ5EgABhqBfEA9OU0tleWVkQXJjaGl2ZXIACAARABYAHwAoADIANQA6ADwARQBLAFIAXQBlAGwAbwBxAHMAdgB4AHoAfACGAJMAmACgArACsgK3AsACywLPAt0C5ALtA0UDSgNNA1oDXwAAAAAAAAIBAAAAAAAAACgAAAAAAAAAAAAAAAAAAANx}}

@article{Abbott:2007p298,
	Author = {TG Abbott and KJ Lai and MR Lieberman and EC Price},
	Date-Added = {2010-02-27 15:15:05 +0800},
	Date-Modified = {2010-03-01 14:00:27 +0800},
	Journal = {Lecture Notes in Computer Science},
	Local-Url = {file://localhost/Users/ernie/Documents/Papers/2007/Abbott/Lecture%20Notes%20in%20Computer%20Science%202007%20Abbott.pdf},
	Pages = {184},
	Pmid = {15586684546861431133related:Xfm-eQMHT9gJ},
	Rating = {0},
	Read = {Yes},
	Title = {Browser-Based Attacks on {Tor}},
	Uri = {papers://D1E13606-509C-42BA-9D8D-231318593F1D/Paper/p298},
	Volume = {4776},
	Year = {2007},
	Bdsk-File-1 = {YnBsaXN0MDDUAQIDBAUIJidUJHRvcFgkb2JqZWN0c1gkdmVyc2lvblkkYXJjaGl2ZXLRBgdUcm9vdIABqAkKFRYXGyIjVSRudWxs0wsMDQ4RFFpOUy5vYmplY3RzV05TLmtleXNWJGNsYXNzog8QgASABqISE4ACgAOAB1lhbGlhc0RhdGFccmVsYXRpdmVQYXRo0hgNGRpXTlMuZGF0YU8RAhIAAAAAAhIAAgAAB0phY2tzb24AAAAAAAAAAAAAAAAAAAAAAAAAAMar7HZIKwAAACT98h9MZWN0dXJlIE5vdGVzIGluIENvbSMyNEY5ODkucGRmAAAAAAAAAAAAAAAAAAAAAAAAAAAAAAAAAAAAAAAAAAAAJPmJx45ZSwAAAAAAAAAAAAMABQAACSAAAAAAAAAAAAAAAAAAAAAGQWJib3R0ABAACAAAxqt79gAAABEACAAAx43oywAAAAEAGAAk/fIAJPcBACTufgAH+VoAB/lNAACQ5wACAFBKYWNrc29uOlVzZXJzOmVybmllOkRvY3VtZW50czpQYXBlcnM6MjAwNzpBYmJvdHQ6TGVjdHVyZSBOb3RlcyBpbiBDb20jMjRGOTg5LnBkZgAOAGQAMQBMAGUAYwB0AHUAcgBlACAATgBvAHQAZQBzACAAaQBuACAAQwBvAG0AcAB1AHQAZQByACAAUwBjAGkAZQBuAGMAZQAgADIAMAAwADcAIABBAGIAYgBvAHQAdAAuAHAAZABmAA8AEAAHAEoAYQBjAGsAcwBvAG4AEgBaVXNlcnMvZXJuaWUvRG9jdW1lbnRzL1BhcGVycy8yMDA3L0FiYm90dC9MZWN0dXJlIE5vdGVzIGluIENvbXB1dGVyIFNjaWVuY2UgMjAwNyBBYmJvdHQucGRmABMAAS8AABUAAgAM//8AAIAF0hwdHh9YJGNsYXNzZXNaJGNsYXNzbmFtZaMfICFdTlNNdXRhYmxlRGF0YVZOU0RhdGFYTlNPYmplY3RfEFcuLi8uLi8uLi9Eb2N1bWVudHMvUGFwZXJzLzIwMDcvQWJib3R0L0xlY3R1cmUgTm90ZXMgaW4gQ29tcHV0ZXIgU2NpZW5jZSAyMDA3IEFiYm90dC5wZGbSHB0kJaIlIVxOU0RpY3Rpb25hcnkSAAGGoF8QD05TS2V5ZWRBcmNoaXZlcgAIABEAFgAfACgAMgA1ADoAPABFAEsAUgBdAGUAbABvAHEAcwB2AHgAegB8AIYAkwCYAKACtgK4Ar0CxgLRAtUC4wLqAvMDTQNSA1UDYgNnAAAAAAAAAgEAAAAAAAAAKAAAAAAAAAAAAAAAAAAAA3k=}}

@article{Baran:1964p384,
	Abstract = {One in a series of eleven Memoranda detailing the Distributed Adaptive Message Block Network, a proposed digital data communications system based on a distributed network concept. It considers the security aspects of such a system, in which secrecy is of great },
	Annote = {Up to page 21: Discusses the cost of the security policy, more time is spent categorizing classification then sending, makes an argument for universal encryption.

  Discussing encryption across digital networks, trade offs etc.

  Not a great deal of information on traffic analysis with regards to the thesis, but I do acknowledge that many of the ideas within would make it difficult to do traffic analysis - the suggestion of dummy data, message batching etc.

  },
	Author = {Paul Baran},
	Date-Added = {2010-02-27 16:46:54 +0800},
	Date-Modified = {2010-04-24 12:45:42 +0800},
	Journal = {rand.org},
	Local-Url = {file://localhost/Users/ernie/Documents/Papers/1964/Baran/rand.org%201964%20Baran.pdf},
	Month = {1},
	Pmid = {5772708147031965928related:6ADYf3nHHFAJ},
	Rating = {0},
	Read = {Yes},
	Title = {On Distributed Communications:: {IX}. Security, Secrecy, and Tamper-Free Considerations},
	Uri = {papers://D1E13606-509C-42BA-9D8D-231318593F1D/Paper/p384},
	Url = {http://www.rand.org/pubs/research_memoranda/RM3765/},
	Year = {1964},
	Bdsk-File-1 = {YnBsaXN0MDDUAQIDBAUIJidUJHRvcFgkb2JqZWN0c1gkdmVyc2lvblkkYXJjaGl2ZXLRBgdUcm9vdIABqAkKFRYXGyIjVSRudWxs0wsMDQ4RFFpOUy5vYmplY3RzV05TLmtleXNWJGNsYXNzog8QgASABqISE4ACgAOAB1lhbGlhc0RhdGFccmVsYXRpdmVQYXRo0hgNGRpXTlMuZGF0YU8RAbgAAAAAAbgAAgAAB0phY2tzb24AAAAAAAAAAAAAAAAAAAAAAAAAAMkJoLpIKwAAAAmohRdyYW5kLm9yZyAxOTY0IEJhcmFuLnBkZgAAAAAAAAAAAAAAAAAAAAAAAAAAAAAAAAAAAAAAAAAAAAAAAAAAAAAACaiIyQnDkAAAAAAAAAAAAAMABQAACSAAAAAAAAAAAAAAAAAAAAAFQmFyYW4AABAACAAAyQkwOgAAABEACAAAyQlTEAAAAAEAGAAJqIUACaiDAAmWigAFq7cABauqAACRnwACAEZKYWNrc29uOlVzZXJzOmpvaG46RG9jdW1lbnRzOlBhcGVyczoxOTY0OkJhcmFuOnJhbmQub3JnIDE5NjQgQmFyYW4ucGRmAA4AMAAXAHIAYQBuAGQALgBvAHIAZwAgADEAOQA2ADQAIABCAGEAcgBhAG4ALgBwAGQAZgAPABAABwBKAGEAYwBrAHMAbwBuABIAPlVzZXJzL2pvaG4vRG9jdW1lbnRzL1BhcGVycy8xOTY0L0JhcmFuL3JhbmQub3JnIDE5NjQgQmFyYW4ucGRmABMAAS8AABUAAgAL//8AAIAF0hwdHh9YJGNsYXNzZXNaJGNsYXNzbmFtZaMfICFdTlNNdXRhYmxlRGF0YVZOU0RhdGFYTlNPYmplY3RfEDwuLi8uLi8uLi9Eb2N1bWVudHMvUGFwZXJzLzE5NjQvQmFyYW4vcmFuZC5vcmcgMTk2NCBCYXJhbi5wZGbSHB0kJaIlIVxOU0RpY3Rpb25hcnkSAAGGoF8QD05TS2V5ZWRBcmNoaXZlcgAIABEAFgAfACgAMgA1ADoAPABFAEsAUgBdAGUAbABvAHEAcwB2AHgAegB8AIYAkwCYAKACXAJeAmMCbAJ3AnsCiQKQApkC2ALdAuAC7QLyAAAAAAAAAgEAAAAAAAAAKAAAAAAAAAAAAAAAAAAAAwQ=},
	Bdsk-Url-1 = {http://www.rand.org/pubs/research_memoranda/RM3765/}}

@article{Bonchek:1997p3455,
	Abstract = {"April 1997.". Thesis (Ph. D.)--Harvard University, 1997.. Includes bibliographical references.. Photocopy.--Ann Arbor, Mich. :--UMI Dissertation Services.--1998.e23 cm.  Political participation--United States--Computer network resources., Internet., Communication in },
	Annote = {Ref:

  Bonchek, M (1997). From Broadcast to Netcast: The Internet and the Flow of Political Information},
	Author = {M Bonchek},
	Date-Added = {2010-03-20 11:54:11 +0800},
	Date-Modified = {2010-03-27 17:09:46 +0800},
	Journal = {en.scientificcommons.org},
	Local-Url = {file://localhost/Users/ernie/Documents/Papers/1997/Bonchek/en.scientificcommons.org%201997%20Bonchek.pdf},
	Month = {1},
	Rating = {0},
	Read = {Yes},
	Title = {From Broadcast to Netcast: The {Internet} and the Flow of Political Information},
	Uri = {papers://D1E13606-509C-42BA-9D8D-231318593F1D/Paper/p3455},
	Url = {http://en.scientificcommons.org/6029693},
	Year = {1997},
	Bdsk-File-1 = {YnBsaXN0MDDUAQIDBAUIJidUJHRvcFgkb2JqZWN0c1gkdmVyc2lvblkkYXJjaGl2ZXLRBgdUcm9vdIABqAkKFRYXGyIjVSRudWxs0wsMDQ4RFFpOUy5vYmplY3RzV05TLmtleXNWJGNsYXNzog8QgASABqISE4ACgAOAB1lhbGlhc0RhdGFccmVsYXRpdmVQYXRo0hgNGRpXTlMuZGF0YU8RAfwAAAAAAfwAAgAAB0phY2tzb24AAAAAAAAAAAAAAAAAAAAAAAAAAMkJoLpIKwAAAAmozR9lbi5zY2llbnRpZmljY29tbW9ucy4jOUE4Q0UucGRmAAAAAAAAAAAAAAAAAAAAAAAAAAAAAAAAAAAAAAAAAAAACajOyQnDkQAAAAAAAAAAAAMABQAACSAAAAAAAAAAAAAAAAAAAAAHQm9uY2hlawAAEAAIAADJCTA6AAAAEQAIAADJCVMRAAAAAQAYAAmozQAJqMwACZaKAAWrtwAFq6oAAJGfAAIAUEphY2tzb246VXNlcnM6am9objpEb2N1bWVudHM6UGFwZXJzOjE5OTc6Qm9uY2hlazplbi5zY2llbnRpZmljY29tbW9ucy4jOUE4Q0UucGRmAA4AVAApAGUAbgAuAHMAYwBpAGUAbgB0AGkAZgBpAGMAYwBvAG0AbQBvAG4AcwAuAG8AcgBnACAAMQA5ADkANwAgAEIAbwBuAGMAaABlAGsALgBwAGQAZgAPABAABwBKAGEAYwBrAHMAbwBuABIAUlVzZXJzL2pvaG4vRG9jdW1lbnRzL1BhcGVycy8xOTk3L0JvbmNoZWsvZW4uc2NpZW50aWZpY2NvbW1vbnMub3JnIDE5OTcgQm9uY2hlay5wZGYAEwABLwAAFQACAAv//wAAgAXSHB0eH1gkY2xhc3Nlc1okY2xhc3NuYW1lox8gIV1OU011dGFibGVEYXRhVk5TRGF0YVhOU09iamVjdF8QUC4uLy4uLy4uL0RvY3VtZW50cy9QYXBlcnMvMTk5Ny9Cb25jaGVrL2VuLnNjaWVudGlmaWNjb21tb25zLm9yZyAxOTk3IEJvbmNoZWsucGRm0hwdJCWiJSFcTlNEaWN0aW9uYXJ5EgABhqBfEA9OU0tleWVkQXJjaGl2ZXIACAARABYAHwAoADIANQA6ADwARQBLAFIAXQBlAGwAbwBxAHMAdgB4AHoAfACGAJMAmACgAqACogKnArACuwK/As0C1ALdAzADNQM4A0UDSgAAAAAAAAIBAAAAAAAAACgAAAAAAAAAAAAAAAAAAANc},
	Bdsk-Url-1 = {http://en.scientificcommons.org/6029693}}

@article{Karlin:2009p6166,
	Author = {J Karlin and S Forrest and J Rexford},
	Date-Added = {2010-03-27 17:13:17 +0800},
	Date-Modified = {2010-03-27 17:13:31 +0800},
	Journal = {Arxiv preprint arXiv:0903.3218},
	Local-Url = {file://localhost/Users/ernie/Documents/Papers/2009/Karlin/Arxiv%20preprint%20arXiv0903.3218%202009%20Karlin.pdf},
	Pmid = {9140110470224153609related:CQyK2Qsy2H4J},
	Rating = {0},
	Title = {Nation-State Routing: Censorship, Wiretapping, and {BGP}},
	Uri = {papers://D1E13606-509C-42BA-9D8D-231318593F1D/Paper/p6166},
	Year = {2009},
	Bdsk-File-1 = {YnBsaXN0MDDUAQIDBAUIJidUJHRvcFgkb2JqZWN0c1gkdmVyc2lvblkkYXJjaGl2ZXLRBgdUcm9vdIABqAkKFRYXGyIjVSRudWxs0wsMDQ4RFFpOUy5vYmplY3RzV05TLmtleXNWJGNsYXNzog8QgASABqISE4ACgAOAB1lhbGlhc0RhdGFccmVsYXRpdmVQYXRo0hgNGRpXTlMuZGF0YU8RAgYAAAAAAgYAAgAAB0phY2tzb24AAAAAAAAAAAAAAAAAAAAAAAAAAMkJoLpIKwAAAAmqdx9BcnhpdiBwcmVwcmludCBhclhpdjAjOUFBNzgucGRmAAAAAAAAAAAAAAAAAAAAAAAAAAAAAAAAAAAAAAAAAAAACap4yQnDlgAAAAAAAAAAAAMABQAACSAAAAAAAAAAAAAAAAAAAAAGS2FybGluABAACAAAyQkwOgAAABEACAAAyQlTFgAAAAEAGAAJqncACapqAAmWigAFq7cABauqAACRnwACAE9KYWNrc29uOlVzZXJzOmpvaG46RG9jdW1lbnRzOlBhcGVyczoyMDA5OkthcmxpbjpBcnhpdiBwcmVwcmludCBhclhpdjAjOUFBNzgucGRmAAAOAFwALQBBAHIAeABpAHYAIABwAHIAZQBwAHIAaQBuAHQAIABhAHIAWABpAHYAMAA5ADAAMwAuADMAMgAxADgAIAAyADAAMAA5ACAASwBhAHIAbABpAG4ALgBwAGQAZgAPABAABwBKAGEAYwBrAHMAbwBuABIAVVVzZXJzL2pvaG4vRG9jdW1lbnRzL1BhcGVycy8yMDA5L0thcmxpbi9BcnhpdiBwcmVwcmludCBhclhpdjA5MDMuMzIxOCAyMDA5IEthcmxpbi5wZGYAABMAAS8AABUAAgAL//8AAIAF0hwdHh9YJGNsYXNzZXNaJGNsYXNzbmFtZaMfICFdTlNNdXRhYmxlRGF0YVZOU0RhdGFYTlNPYmplY3RfEFMuLi8uLi8uLi9Eb2N1bWVudHMvUGFwZXJzLzIwMDkvS2FybGluL0FyeGl2IHByZXByaW50IGFyWGl2MDkwMy4zMjE4IDIwMDkgS2FybGluLnBkZtIcHSQloiUhXE5TRGljdGlvbmFyeRIAAYagXxAPTlNLZXllZEFyY2hpdmVyAAgAEQAWAB8AKAAyADUAOgA8AEUASwBSAF0AZQBsAG8AcQBzAHYAeAB6AHwAhgCTAJgAoAKqAqwCsQK6AsUCyQLXAt4C5wM9A0IDRQNSA1cAAAAAAAACAQAAAAAAAAAoAAAAAAAAAAAAAAAAAAADaQ==}}

@article{Mohd:2009p6484,
	Author = {AB Mohd},
	Date-Added = {2010-04-11 14:58:16 +0800},
	Date-Modified = {2010-04-12 15:00:36 +0800},
	Journal = {International Journal of Computer Science and Security (IJCSS)},
	Local-Url = {file://localhost/Users/ernie/Documents/Papers/2009/Mohd/International%20Journal%20of%20Computer%20Science%20and%20Security%20(IJCSS)%202009%20Mohd.pdf},
	Number = {2},
	Pages = {146},
	Pmid = {related:2L44H9oA_kIJ},
	Rating = {0},
	Read = {Yes},
	Title = {Towards a Flow-based {Internet} Traffic Classification for Bandwidth Optimization},
	Uri = {papers://D1E13606-509C-42BA-9D8D-231318593F1D/Paper/p6484},
	Volume = {3},
	Year = {2009},
	Bdsk-File-1 = {YnBsaXN0MDDUAQIDBAUIJidUJHRvcFgkb2JqZWN0c1gkdmVyc2lvblkkYXJjaGl2ZXLRBgdUcm9vdIABqAkKFRYXGyIjVSRudWxs0wsMDQ4RFFpOUy5vYmplY3RzV05TLmtleXNWJGNsYXNzog8QgASABqISE4ACgAOAB1lhbGlhc0RhdGFccmVsYXRpdmVQYXRo0hgNGRpXTlMuZGF0YU8RAlwAAAAAAlwAAgAAB0phY2tzb24AAAAAAAAAAAAAAAAAAAAAAAAAAMkJoLpIKwAAAAmqfh9JbnRlcm5hdGlvbmFsIEpvdXJuYWwjOUFBN0YucGRmAAAAAAAAAAAAAAAAAAAAAAAAAAAAAAAAAAAAAAAAAAAACap/yQnDlgAAAAAAAAAAAAMABQAACSAAAAAAAAAAAAAAAAAAAAAETW9oZAAQAAgAAMkJMDoAAAARAAgAAMkJUxYAAAABABgACap+AAmqagAJlooABau3AAWrqgAAkZ8AAgBNSmFja3NvbjpVc2Vyczpqb2huOkRvY3VtZW50czpQYXBlcnM6MjAwOTpNb2hkOkludGVybmF0aW9uYWwgSm91cm5hbCM5QUE3Ri5wZGYAAA4AmgBMAEkAbgB0AGUAcgBuAGEAdABpAG8AbgBhAGwAIABKAG8AdQByAG4AYQBsACAAbwBmACAAQwBvAG0AcAB1AHQAZQByACAAUwBjAGkAZQBuAGMAZQAgAGEAbgBkACAAUwBlAGMAdQByAGkAdAB5ACAAKABJAEoAQwBTAFMAKQAgADIAMAAwADkAIABNAG8AaABkAC4AcABkAGYADwAQAAcASgBhAGMAawBzAG8AbgASAHJVc2Vycy9qb2huL0RvY3VtZW50cy9QYXBlcnMvMjAwOS9Nb2hkL0ludGVybmF0aW9uYWwgSm91cm5hbCBvZiBDb21wdXRlciBTY2llbmNlIGFuZCBTZWN1cml0eSAoSUpDU1MpIDIwMDkgTW9oZC5wZGYAEwABLwAAFQACAAv//wAAgAXSHB0eH1gkY2xhc3Nlc1okY2xhc3NuYW1lox8gIV1OU011dGFibGVEYXRhVk5TRGF0YVhOU09iamVjdF8QcC4uLy4uLy4uL0RvY3VtZW50cy9QYXBlcnMvMjAwOS9Nb2hkL0ludGVybmF0aW9uYWwgSm91cm5hbCBvZiBDb21wdXRlciBTY2llbmNlIGFuZCBTZWN1cml0eSAoSUpDU1MpIDIwMDkgTW9oZC5wZGbSHB0kJaIlIVxOU0RpY3Rpb25hcnkSAAGGoF8QD05TS2V5ZWRBcmNoaXZlcgAIABEAFgAfACgAMgA1ADoAPABFAEsAUgBdAGUAbABvAHEAcwB2AHgAegB8AIYAkwCYAKADAAMCAwcDEAMbAx8DLQM0Az0DsAO1A7gDxQPKAAAAAAAAAgEAAAAAAAAAKAAAAAAAAAAAAAAAAAAAA9w=}}

@article{Murdoch:2005p325,
	Author = {SJ Murdoch and George Danezis},
	Date-Added = {2010-02-27 15:15:05 +0800},
	Date-Modified = {2010-03-01 14:00:27 +0800},
	Journal = {IEEE Symposium on Security and Privacy. IEEE CS},
	Local-Url = {file://localhost/Users/ernie/Documents/Papers/2005/Murdoch/IEEE%20Symposium%20on%20Security%20and%20Privacy.%20IEEE%20CS%202005%20Murdoch.pdf},
	Pmid = {16185009671424912455related:RyyLV4u0nOAJ},
	Rating = {0},
	Read = {Yes},
	Title = {Low-cost traffic analysis of {Tor}},
	Uri = {papers://D1E13606-509C-42BA-9D8D-231318593F1D/Paper/p325},
	Year = {2005},
	Bdsk-File-1 = {YnBsaXN0MDDUAQIDBAUIJidUJHRvcFgkb2JqZWN0c1gkdmVyc2lvblkkYXJjaGl2ZXLRBgdUcm9vdIABqAkKFRYXGyIjVSRudWxs0wsMDQ4RFFpOUy5vYmplY3RzV05TLmtleXNWJGNsYXNzog8QgASABqISE4ACgAOAB1lhbGlhc0RhdGFccmVsYXRpdmVQYXRo0hgNGRpXTlMuZGF0YU8RAkIAAAAAAkIAAgAAB0phY2tzb24AAAAAAAAAAAAAAAAAAAAAAAAAAMkJoLpIKwAAAAmp2B9JRUVFIFN5bXBvc2l1bSBvbiBTZWMjOUE5RDkucGRmAAAAAAAAAAAAAAAAAAAAAAAAAAAAAAAAAAAAAAAAAAAACanZyQnDlAAAAAAAAAAAAAMABQAACSAAAAAAAAAAAAAAAAAAAAAHTXVyZG9jaAAAEAAIAADJCTA6AAAAEQAIAADJCVMUAAAAAQAYAAmp2AAJqbAACZaKAAWrtwAFq6oAAJGfAAIAUEphY2tzb246VXNlcnM6am9objpEb2N1bWVudHM6UGFwZXJzOjIwMDU6TXVyZG9jaDpJRUVFIFN5bXBvc2l1bSBvbiBTZWMjOUE5RDkucGRmAA4AggBAAEkARQBFAEUAIABTAHkAbQBwAG8AcwBpAHUAbQAgAG8AbgAgAFMAZQBjAHUAcgBpAHQAeQAgAGEAbgBkACAAUAByAGkAdgBhAGMAeQAuACAASQBFAEUARQAgAEMAUwAgADIAMAAwADUAIABNAHUAcgBkAG8AYwBoAC4AcABkAGYADwAQAAcASgBhAGMAawBzAG8AbgASAGlVc2Vycy9qb2huL0RvY3VtZW50cy9QYXBlcnMvMjAwNS9NdXJkb2NoL0lFRUUgU3ltcG9zaXVtIG9uIFNlY3VyaXR5IGFuZCBQcml2YWN5LiBJRUVFIENTIDIwMDUgTXVyZG9jaC5wZGYAABMAAS8AABUAAgAL//8AAIAF0hwdHh9YJGNsYXNzZXNaJGNsYXNzbmFtZaMfICFdTlNNdXRhYmxlRGF0YVZOU0RhdGFYTlNPYmplY3RfEGcuLi8uLi8uLi9Eb2N1bWVudHMvUGFwZXJzLzIwMDUvTXVyZG9jaC9JRUVFIFN5bXBvc2l1bSBvbiBTZWN1cml0eSBhbmQgUHJpdmFjeS4gSUVFRSBDUyAyMDA1IE11cmRvY2gucGRm0hwdJCWiJSFcTlNEaWN0aW9uYXJ5EgABhqBfEA9OU0tleWVkQXJjaGl2ZXIACAARABYAHwAoADIANQA6ADwARQBLAFIAXQBlAGwAbwBxAHMAdgB4AHoAfACGAJMAmACgAuYC6ALtAvYDAQMFAxMDGgMjA40DkgOVA6IDpwAAAAAAAAIBAAAAAAAAACgAAAAAAAAAAAAAAAAAAAO5}}

@article{Roughan:2004p3823,
	Author = {M Roughan and S Sen and O Spatscheck and N Duffield},
	Date-Added = {2010-03-20 19:35:37 +0800},
	Date-Modified = {2010-03-20 19:35:58 +0800},
	Journal = {Proceedings of the 4th ACM SIGCOMM conference on Internet measurement},
	Local-Url = {file://localhost/Users/ernie/Documents/Papers/2004/Roughan/Proceedings%20of%20the%204th%20ACM%20SIGCOMM%20conference%20on%20Internet%20measurement%202004%20Roughan.pdf},
	Pages = {135--148},
	Pmid = {4392956989073607564related:jEtNTxvr9jwJ},
	Rating = {0},
	Read = {Yes},
	Title = {Class-of-service mapping for {QoS}: a statistical signature-based approach to {IP} traffic classification},
	Uri = {papers://D1E13606-509C-42BA-9D8D-231318593F1D/Paper/p3823},
	Year = {2004},
	Bdsk-File-1 = {YnBsaXN0MDDUAQIDBAUIJidUJHRvcFgkb2JqZWN0c1gkdmVyc2lvblkkYXJjaGl2ZXLRBgdUcm9vdIABqAkKFRYXGyIjVSRudWxs0wsMDQ4RFFpOUy5vYmplY3RzV05TLmtleXNWJGNsYXNzog8QgASABqISE4ACgAOAB1lhbGlhc0RhdGFccmVsYXRpdmVQYXRo0hgNGRpXTlMuZGF0YU8RAoQAAAAAAoQAAgAAB0phY2tzb24AAAAAAAAAAAAAAAAAAAAAAAAAAMkJoLpIKwAAAAmpoR9Qcm9jZWVkaW5ncyBvZiB0aGUgNHQjOUE5QTIucGRmAAAAAAAAAAAAAAAAAAAAAAAAAAAAAAAAAAAAAAAAAAAACamiyQnDkgAAAAAAAAAAAAMABQAACSAAAAAAAAAAAAAAAAAAAAAHUm91Z2hhbgAAEAAIAADJCTA6AAAAEQAIAADJCVMSAAAAAQAYAAmpoQAJqWcACZaKAAWrtwAFq6oAAJGfAAIAUEphY2tzb246VXNlcnM6am9objpEb2N1bWVudHM6UGFwZXJzOjIwMDQ6Um91Z2hhbjpQcm9jZWVkaW5ncyBvZiB0aGUgNHQjOUE5QTIucGRmAA4ArgBWAFAAcgBvAGMAZQBlAGQAaQBuAGcAcwAgAG8AZgAgAHQAaABlACAANAB0AGgAIABBAEMATQAgAFMASQBHAEMATwBNAE0AIABjAG8AbgBmAGUAcgBlAG4AYwBlACAAbwBuACAASQBuAHQAZQByAG4AZQB0ACAAbQBlAGEAcwB1AHIAZQBtAGUAbgB0ACAAMgAwADAANAAgAFIAbwB1AGcAaABhAG4ALgBwAGQAZgAPABAABwBKAGEAYwBrAHMAbwBuABIAf1VzZXJzL2pvaG4vRG9jdW1lbnRzL1BhcGVycy8yMDA0L1JvdWdoYW4vUHJvY2VlZGluZ3Mgb2YgdGhlIDR0aCBBQ00gU0lHQ09NTSBjb25mZXJlbmNlIG9uIEludGVybmV0IG1lYXN1cmVtZW50IDIwMDQgUm91Z2hhbi5wZGYAABMAAS8AABUAAgAL//8AAIAF0hwdHh9YJGNsYXNzZXNaJGNsYXNzbmFtZaMfICFdTlNNdXRhYmxlRGF0YVZOU0RhdGFYTlNPYmplY3RfEH0uLi8uLi8uLi9Eb2N1bWVudHMvUGFwZXJzLzIwMDQvUm91Z2hhbi9Qcm9jZWVkaW5ncyBvZiB0aGUgNHRoIEFDTSBTSUdDT01NIGNvbmZlcmVuY2Ugb24gSW50ZXJuZXQgbWVhc3VyZW1lbnQgMjAwNCBSb3VnaGFuLnBkZtIcHSQloiUhXE5TRGljdGlvbmFyeRIAAYagXxAPTlNLZXllZEFyY2hpdmVyAAgAEQAWAB8AKAAyADUAOgA8AEUASwBSAF0AZQBsAG8AcQBzAHYAeAB6AHwAhgCTAJgAoAMoAyoDLwM4A0MDRwNVA1wDZQPlA+oD7QP6A/8AAAAAAAACAQAAAAAAAAAoAAAAAAAAAAAAAAAAAAAEEQ==}}

@article{Williams:2006p3849,
	Author = {N Williams and S Zander and G Armitage},
	Date-Added = {2010-03-20 19:54:40 +0800},
	Date-Modified = {2010-04-25 22:40:56 +0800},
	Journal = {ACM SIGCOMM Computer Communication Review},
	Local-Url = {file://localhost/Users/ernie/Documents/Papers/2006/Williams/ACM%20SIGCOMM%20Computer%20Communication%20Review%202006%20Williams.pdf},
	Number = {5},
	Pages = {16},
	Pmid = {938947413144055342related:Li45j7LPBw0J},
	Rating = {0},
	Read = {Yes},
	Title = {A preliminary performance comparison of five machine learning algorithms for practical {IP} traffic flow classification},
	Uri = {papers://D1E13606-509C-42BA-9D8D-231318593F1D/Paper/p3849},
	Volume = {36},
	Year = {2006},
	Bdsk-File-1 = {YnBsaXN0MDDUAQIDBAUIJidUJHRvcFgkb2JqZWN0c1gkdmVyc2lvblkkYXJjaGl2ZXLRBgdUcm9vdIABqAkKFRYXGyIjVSRudWxs0wsMDQ4RFFpOUy5vYmplY3RzV05TLmtleXNWJGNsYXNzog8QgASABqISE4ACgAOAB1lhbGlhc0RhdGFccmVsYXRpdmVQYXRo0hgNGRpXTlMuZGF0YU8RAjYAAAAAAjYAAgAAB0phY2tzb24AAAAAAAAAAAAAAAAAAAAAAAAAAMkJoLpIKwAAAAmqHR9BQ00gU0lHQ09NTSBDb21wdXRlciAjOUFBMUUucGRmAAAAAAAAAAAAAAAAAAAAAAAAAAAAAAAAAAAAAAAAAAAACaoeyQnDlAAAAAAAAAAAAAMABQAACSAAAAAAAAAAAAAAAAAAAAAIV2lsbGlhbXMAEAAIAADJCTA6AAAAEQAIAADJCVMUAAAAAQAYAAmqHQAJqegACZaKAAWrtwAFq6oAAJGfAAIAUUphY2tzb246VXNlcnM6am9objpEb2N1bWVudHM6UGFwZXJzOjIwMDY6V2lsbGlhbXM6QUNNIFNJR0NPTU0gQ29tcHV0ZXIgIzlBQTFFLnBkZgAADgB4ADsAQQBDAE0AIABTAEkARwBDAE8ATQBNACAAQwBvAG0AcAB1AHQAZQByACAAQwBvAG0AbQB1AG4AaQBjAGEAdABpAG8AbgAgAFIAZQB2AGkAZQB3ACAAMgAwADAANgAgAFcAaQBsAGwAaQBhAG0AcwAuAHAAZABmAA8AEAAHAEoAYQBjAGsAcwBvAG4AEgBlVXNlcnMvam9obi9Eb2N1bWVudHMvUGFwZXJzLzIwMDYvV2lsbGlhbXMvQUNNIFNJR0NPTU0gQ29tcHV0ZXIgQ29tbXVuaWNhdGlvbiBSZXZpZXcgMjAwNiBXaWxsaWFtcy5wZGYAABMAAS8AABUAAgAL//8AAIAF0hwdHh9YJGNsYXNzZXNaJGNsYXNzbmFtZaMfICFdTlNNdXRhYmxlRGF0YVZOU0RhdGFYTlNPYmplY3RfEGMuLi8uLi8uLi9Eb2N1bWVudHMvUGFwZXJzLzIwMDYvV2lsbGlhbXMvQUNNIFNJR0NPTU0gQ29tcHV0ZXIgQ29tbXVuaWNhdGlvbiBSZXZpZXcgMjAwNiBXaWxsaWFtcy5wZGbSHB0kJaIlIVxOU0RpY3Rpb25hcnkSAAGGoF8QD05TS2V5ZWRBcmNoaXZlcgAIABEAFgAfACgAMgA1ADoAPABFAEsAUgBdAGUAbABvAHEAcwB2AHgAegB8AIYAkwCYAKAC2gLcAuEC6gL1AvkDBwMOAxcDfQOCA4UDkgOXAAAAAAAAAgEAAAAAAAAAKAAAAAAAAAAAAAAAAAAAA6k=}}

@article{Zander:2005p6212,
	Author = {S Zander and T Nguyen and G Armitage},
	Date-Added = {2010-04-02 21:41:10 +0800},
	Date-Modified = {2010-04-25 22:45:47 +0800},
	Journal = {Passive and Active Network Measurement},
	Local-Url = {file://localhost/Users/ernie/Documents/Papers/2005/Zander/Passive%20and%20Active%20Network%20Measurement%202005%20Zander.pdf},
	Pages = {325--328},
	Pmid = {5643533813533292679related:h7iOSRrcUU4J},
	Rating = {0},
	Read = {Yes},
	Title = {Self-learning {IP} traffic classification based on statistical flow characteristics},
	Uri = {papers://D1E13606-509C-42BA-9D8D-231318593F1D/Paper/p6212},
	Year = {2005},
	Bdsk-File-1 = {YnBsaXN0MDDUAQIDBAUIJidUJHRvcFgkb2JqZWN0c1gkdmVyc2lvblkkYXJjaGl2ZXLRBgdUcm9vdIABqAkKFRYXGyIjVSRudWxs0wsMDQ4RFFpOUy5vYmplY3RzV05TLmtleXNWJGNsYXNzog8QgASABqISE4ACgAOAB1lhbGlhc0RhdGFccmVsYXRpdmVQYXRo0hgNGRpXTlMuZGF0YU8RAiAAAAAAAiAAAgAAB0phY2tzb24AAAAAAAAAAAAAAAAAAAAAAAAAAMkJoLpIKwAAAAmp5B9QYXNzaXZlIGFuZCBBY3RpdmUgTmUjOUE5RTUucGRmAAAAAAAAAAAAAAAAAAAAAAAAAAAAAAAAAAAAAAAAAAAACanlyQnDlAAAAAAAAAAAAAMABQAACSAAAAAAAAAAAAAAAAAAAAAGWmFuZGVyABAACAAAyQkwOgAAABEACAAAyQlTFAAAAAEAGAAJqeQACamwAAmWigAFq7cABauqAACRnwACAE9KYWNrc29uOlVzZXJzOmpvaG46RG9jdW1lbnRzOlBhcGVyczoyMDA1OlphbmRlcjpQYXNzaXZlIGFuZCBBY3RpdmUgTmUjOUE5RTUucGRmAAAOAG4ANgBQAGEAcwBzAGkAdgBlACAAYQBuAGQAIABBAGMAdABpAHYAZQAgAE4AZQB0AHcAbwByAGsAIABNAGUAYQBzAHUAcgBlAG0AZQBuAHQAIAAyADAAMAA1ACAAWgBhAG4AZABlAHIALgBwAGQAZgAPABAABwBKAGEAYwBrAHMAbwBuABIAXlVzZXJzL2pvaG4vRG9jdW1lbnRzL1BhcGVycy8yMDA1L1phbmRlci9QYXNzaXZlIGFuZCBBY3RpdmUgTmV0d29yayBNZWFzdXJlbWVudCAyMDA1IFphbmRlci5wZGYAEwABLwAAFQACAAv//wAAgAXSHB0eH1gkY2xhc3Nlc1okY2xhc3NuYW1lox8gIV1OU011dGFibGVEYXRhVk5TRGF0YVhOU09iamVjdF8QXC4uLy4uLy4uL0RvY3VtZW50cy9QYXBlcnMvMjAwNS9aYW5kZXIvUGFzc2l2ZSBhbmQgQWN0aXZlIE5ldHdvcmsgTWVhc3VyZW1lbnQgMjAwNSBaYW5kZXIucGRm0hwdJCWiJSFcTlNEaWN0aW9uYXJ5EgABhqBfEA9OU0tleWVkQXJjaGl2ZXIACAARABYAHwAoADIANQA6ADwARQBLAFIAXQBlAGwAbwBxAHMAdgB4AHoAfACGAJMAmACgAsQCxgLLAtQC3wLjAvEC+AMBA2ADZQNoA3UDegAAAAAAAAIBAAAAAAAAACgAAAAAAAAAAAAAAAAAAAOM}}
