%% List of websites I have referenced

@misc{website:china-strengthens-great-wall,
      author = {Chris Williams},
      title = {{China} strengthens Great Firewall ahead of anniversary},
      year = 2009,
      howpublished = "Retrieved February, 2010 from \url{http://www.theregister.co.uk/2009/09/29/china_tor}"
}

@misc{website:egypt-arrests,
      title = "Egypt arrests another blog critic",
      year = 2006,
      howpublished = "Retrieved March, 2010 from the BBC News web site: \url{http://news.bbc.co.uk/2/hi/middle_east/6164798.stm}"
}

@misc{website:measuring-tor-in-iran,
      author = {Phobos},
      title = {Measuring {Tor} and {Iran} [Web log comment]},
      year = 2006,
      howpublished = "Retrieved February, 2010 from \url{https://blog.torproject.org/blog/measuring-tor-and-iran}"
}

@misc{website:tor-anonymity-online,
      author = {Phobos},
      title = "Tor: anonymity online",
      year = {n.d.},
      howpublished = "Retrieved February, 2010 from the Tor Project web site: \url{https://www.torproject.org/index.html.en}"
}

@misc{website:china-yahoo-torture,
      author = {Coonan, Clifford},
      title = {Chinese couple sue {Yahoo!} in {US} over torture case, {The Independent}},
      publisher = "The Independent",
      year = 2007,
      howpublished = "Retrieved March, 2010 from \url{http://www.independent.co.uk/news/world/americas/chinese-couple-sue-yahoo-in-us-over-torture-case-445436.html}"
}

@misc{website:china-amnesty-international-report,
      title = {China {Amnesty International} Report},
      year = 2009,
      publisher = "Amnesty International",
      howpublished = "Retrieved March, 2010 from the Amnesty Internationl web site: \url{http://thereport.amnesty.org/en/regions/asia-pacific/china}"
}

@misc{website:iran-bloggers-arrested,
      title = {23 Journalists/Bloggers Arrested in {Iran}, Including Head of Top Group},
      year = 2009,
      howpublished = "Retrieved March, 2010 from Editor \& Publisher web site: \url{http://www.editorandpublisher.com/eandp/news/article_display.jsp?vnu_content_id=1003986280}"
}

@misc{website:vietnam-bloggers-arrested,
      author = {John Rutwitch},
      title = {{Vietnam} bloggers arrested over {China} shirt protest},
      publisher = "Reuters",
      year = 2009,
      howpublished = "Retrieved March, 2010 from \url{http://www.reuters.com/article/idUSTRE5840CY20090905}"
}

@misc{website:blogger-arrests,
      author = {P. N. Howard},
      title = {Blogger Arrests},
      publisher = "World Information Access",
      year = 2008,
      howpublished = "Retrieved March, 2010 from \url{http://www.wiareport.org/index.php/56/blogger-arrests}"
}

@misc{website:pipenet,
      author = {Dai},
      title = "PipeNet 1.1",
      year = {n.d.},
      howpublished = "Retrieved March, 2010 from \url{http://74.125.153.132/search?q=cache:GIxcJTJReukJ:weidai.com/pipenet.txt+pipenet+anonymous+network&cd=2&hl=en&ct=clnk&gl=au&client=firefox-a}"
}

@misc{website:anonymizer,
      title = {Anonymizer},
      year = {n.d.},
      howpublished = "Retrieved March, 2010 from \url{http://www.anonymizer.com/}"
}

@misc{website:tor-password-leak,
      author = {Goodin, Dan},
      title = {Tor at heart of embassy passwords leak},
      publisher = "The Register",
      year = 2007,
      howpublished = "Retrieved March, 2010 from \url{http://www.theregister.co.uk/2007/09/10/misuse_of_tor_led_to_embassy_password_breach/}"
}

@misc{website:SSL,
      author = {Alan O. Freier and Philip Karlton and Paul C. Kocher},
      title = {The {SSL} Protocol},
      year = 1996,
      howpublished = "Retrieved March, 2010 from \url{http://www.mozilla.org/projects/security/pki/nss/ssl/draft302.txt}"
}

@misc{website:TLS,
      author = {E. Rescorla and T. Dierks},
      title = {The Transport Layer Security ({TLS}) Protocol},
      publisher = "Internet Engineering Task Force (IETF)",
      year = 2008,
      howpublished = "Retrieved March, 2010 from \url{http://tools.ietf.org/html/rfc5246}"
}

@misc{website:HTTPS,
      author = {E. Rescorla and A. Schiffman},
      title = {The Secure HyperText Transfer Protocol},
      publisher = "Internet Engineering Task Force (IETF)",
      year = 1999,
      howpublished = "Retrieved March, 2010 from \url{http://tools.ietf.org/html/rfc2660}"
}

@misc{website:skype-numerology,
      author = {Mercier, J},
      title = "The fastest million ever",
      year = 2010,
      howpublished = "Retrieved March, 2010 from \url{http://skypenumerology.blogspot.com/2010/01/fastest-million-ever.html}"
}

@misc{website:hub-reference,
      author = {Muggli, Ricardo},
      title = {Hub Reference},
      year = 2010,
      howpublished = "Retrieved March, 2010 from \url{http://wiki.wireshark.org/HubReference}"
}

@misc{website:tor-path-selection,
      author = {Roger Dingledine and Nick Mathewson},
      title = {Tor Path Specification},
      year = {n.d.},
      howpublished = "Retrieved May, 2010 from \url{http://gitweb.torproject.org/tor.git?a=blob_plain;hb=HEAD;f=doc/spec/path-spec.txt}"
}

@misc{website:firefox-encryption,
      title = {Security in {Firefox} 2},
      author = {Eric Shepherd},
      year = {2009},
      howpublished = "Retrieved May, 2010 from \url{https://developer.mozilla.org/en/Security_in_Firefox_2}"
}

@misc{website:microsoft-tls,
      Date-Added = {2010-05-09 11:20:26 +0800},
      Date-Modified = {2010-05-09 11:22:13 +0800},
      Lastchecked = {May 2010},
      Month = {3},
      Title = {What is {TLS/SSL?}},
      Url = {http://technet.microsoft.com/en-us/library/cc784450%28WS.10%29.aspx},
      Year = {2003},
      Bdsk-Url-1 = {http://technet.microsoft.com/en-us/library/cc784450(WS.10).aspx},
      howpublished = "Retrieved May, 2010 from \url{http://technet.microsoft.com/en-us/library/cc784450(WS.10).aspx}"
}


@misc{website:safari-features,
      title = {Safari 4 - 150 Features - Learn about the features available in the world's fastest and most innovative web browser.},
      year = {n.d.},
      howpublished = "Retrieved May, 2010 from \url{http://www.apple.com/safari/features.html}"
}

@misc{website:internet,
      title = {Requirements for {Internet Hosts} -- Communication Layers},
      author = {R. Braden},
      year = {1989},
      month = {10},
      howpublished = "Retrieved May, 2010 from \url{http://tools.ietf.org/html/rfc1122}"
}

@misc{website:private-tor-network,
      title = {{TheOnionRouter/TorFAQ} - Tor Bug Tracker},
      author = {Andrew Lewman and Matt D. Harris},
      year = {2009},
      howpublished = "Retrieved May, 2010 from \url{https://trac.torproject.org/projects/tor/wiki/TheOnionRouter/TorFAQ\#HowdoIsetupmyownprivateTornetwork}"
}

@misc{website:socks,
      title = {{SOCKS} Protocol Version 5},
      author = {M. Ganis and Y. Lee and M. Leech and R. Kuris and D. Koblas and L. Jones},
      year = {1996},
      month = {3},
      howpublished = "Retrieved May, 2010 from \url{http://tools.ietf.org/html/rfc1928}"
}

